2838 4918
259 435 324 504 ΕΤ
351 435 619 504 OPERIBUS
646 435 950 506 MARTIALIS.
1070 462 1138 510 xcv

71 591 217 662 qarorurn
246 566 378 636 babitus
405 568 438 634 in
463 568 670 662 captivorum
703 567 869 662 speciem¹
895 568 1139 640 formarentur?

71 673 299 767 Quid,quum
314 672 449 742 credere
470 697 540 742 sese
562 673 657 767 lingit
672 673 799 742 debitas
822 675 1013 744 Domitiano
1029 676 1137 746 'Vitel-

9 825 10 872 ,
72 779 235 848 lianarum
263 781 408 874 partium
432 777 561 866 clades,
582 794 618 848 at
641 779 818 873 juvenem,
838 797 938 876 quam
965 782 1034 874 ipse
1059 808 1138 877 pur·
1176 853 1179 870 ,

9 893 10 948 l
72 910 193 980 puram
211 885 273 956 sibi
288 885 409 978 justius
429 886 676 982 assumpsisset,
695 909 767 955 eam
789 889 875 980 patri
897 886 985 956 ultro
1005 913 1139 959 conces-

72 991 180 1062 sisse?
197 991 276 1086 quid
297 1016 400 1085 quum
422 1015 442 1058 a
463 991 662 1062 verecundia
684 993 896 1062 commendat
921 994 1139 1088 impudicissi-

73 1123 169 1166 mum
187 1112 382 1191 tyrannum‚
395 1098 452 1191 qui
464 1095 573 1192 palam
590 1097 700 1166 fratris
714 1096 789 1168 filiae
800 1098 939 1186 adulter,
951 1101 1137 1170 Minervam

73 1219 188 1274 tamen
207 1205 372 1298 praecipue
383 1202 536 1295 colebat,
546 1205 700 1272 Minerva
714 1219 828 1274 natum
841 1230 876 1274 se
887 1205 952 1275 dici
965 1207 1139 1302 cupiebat?

74 1313 159 1394 Haec
178 1309 311 1404 quidem
329 1310 415 1380 tristi
436 1307 626 1378 adulatione
647 1324 681 1378 et
696 1310 870 1380 mendacio
888 1312 1006 1400 mista,
1025 1328 1136 1384 tamen

73 1440 138 1486 nec
163 1429 303 1500 nocent,
326 1439 387 1484 uec
411 1415 455 1484 ad
482 1412 588 1484 scelus
610 1417 768 1510 ignavum
794 1417 966 1487 dominum
989 1420 1137 1490 incitant.

74 1521 140 1590 Sed
159 1521 319 1590 Meterius
339 1518 499 1589 laudator.
515 1521 629 1608 Quum
649 1521 803 1591 Helvidio
821 1526 964 1592 senatori
980 1527 1140 1620 impositae

73 1625 271 1721 compedes,
281 1649 384 1722 quum
394 1625 574 1696 Thraseam
586 1624 770 1697 laudavisse
786 1627 926 1722 capitale
940 1629 1018 1714 fuit,
1031 1657 1139 1726 neque

74 1734 107 1801 in
120 1733 213 1827 ipsos
229 1730 330 1802 modo
348 1746 519 1820 auctores,
541 1731 599 1802 sed
621 1733 655 1802 in
671 1731 772 1803 libros
793 1758 927 1828 quoque
947 1731 1138 1826 ’saevitum

75 1863 180 1932 quum
212 1835 373 1932 Agricolae
399 1838 443 1907 ob
473 1839 609 1908 nimiam
641 1837 779 1934 gloriam
815 1863 979 1910 venenum
1006 1841 1139 1930 datum,

74 1969 180 2038 quum
203 1943 285 2014 vidit
307 1943 397 2013 Urbs
413 1944 579 2014 obsessam
601 1946 727 2015 curiam
748 1961 783 2016 et
803 1944 952 2016 clausum
971 1950 1072 2018 armis
1090 1973 1140 2018 se·

74 2065 193 2119 natum
211 2064 246 2119 et
263 2048 378 2118 eadem
399 2065 508 2145 strage
526 2065 577 2120 tot
593 2050 816 2121 consularium
833 2052 955 2142 caedes,
974 2067 1024 2122 tot
1041 2055 1140 2125 nobi-

75 2155 275 2225 lissimarum
297 2155 492 2226 feminarum
512 2155 623 2226 exsilia
645 2172 679 2226 et
695 2157 808 2253 fugas;
827 2173 899 2228 turn
921 2184 984 2230 nec
1004 2159 1141 2232 adulan-

74 2264 162 2331 tium
183 2247 405 2331 multitudini³
424 2261 546 2332 Noster
563 2265 719 2350 accessit,
741 2288 803 2334 nec
821 2266 1031 2360 percuntium
1052 2267 1141 2363 inge·

74 2370 132 2438 nio
152 2383 211 2437 aut
228 2368 420 2438 constantie
438 2367 621 2456 insultavit,
640 2384 698 2438 aut
713 2371 821 2440 ruenti
842 2372 877 2439 in
895 2369 999 2442 caedes
1015 2375 1138 2442 Roma·

74 2499 200 2544 norum
220 2476 370 2568 Augusto
392 2473 501 2544 calcar
521 2489 580 2544 aut
601 2472 751 2546 stimulos
770 2475 906 2546 addidit.
927 2476 1140 2548 Adulationes

75 2605 160 2675 ergo
186 2578 274 2667 illas,
300 2581 451 2674 quamvis
471 2578 685 2676 hyperbolice
707 2596 741 2650 et
758 2583 924 2652 immerito
949 2584 1142 2678 saepiuscule

77 2685 217 2772 effirsas,
233 2710 275 2755 ne
291 2699 358 2754 tam
378 2684 481 2755 foedas
498 2686 698 2756 arbitremur
715 2711 814 2781 quam
832 2686 967 2757 volucre
983 2687 1116 2782 plurimi
1133 2716 1141 2758 :

78 2815 165 2861 rana
194 2790 318 2878 multa,
343 2789 482 2886 pulchra
505 2791 674 2887 quaedam,
697 2817 785 2863 saeva
813 2793 905 2864 nulla
929 2791 984 2863 ille
1011 2792 1141 2882 laudat3

78 2897 159 2992 quid
178 2922 220 2966 ex
236 2897 287 2966 his
301 2923 369 2966 nou
385 2895 632 2967 excusandum?

131 3001 234 3092 Quod
250 3002 292 3072 ad
308 3003 487 3072 verborum
508 3003 693 3074 libertatern
711 3007 847 3092 attinet,
864 3005 1051 3075 Martialem
1068 3034 1144 3078 reor

79 3109 149 3178 fere
172 3111 311 3179 omnino
341 3108 438 3204 culpa
458 3133 586 3180 vacare.
608 3110 725 3204 Neque
746 3113 864 3207 ignoro
891 3113 1023 3206 quidem
1045 3113 1144 3184 hodie
1263 3127 1266 3138 '

79 3213 227 3284 delicatis
241 3215 374 3284 auribus
388 3217 493 3310 magis
506 3216 657 3311 probari,
671 3217 792 3311 siquid
809 3217 850 3286 dc
863 3221 1030 3288 amatoriis
1047 3221 1145 3290 rebus

80 3335 248 3407 narratur,
260 3345 337 3390 eum
354 3345 539 3390 sermonem
553 3323 625 3416 qui,
642 3321 782 3418 eleganti
798 3338 1076 3419 temperamento,
1091 3350 1144 3396 ca-

80 3428 201 3496 stitatis
220 3426 318 3495 simul
335 3442 369 3497 et
395 3427 546 3522 nequitiae
569 3431 753 3523 particeps,
771 3455 878 3524 neque
900 3431 1020 3526 virgini
1047 3455 1145 3502 causa

80 3531 297 3601 erubescendi
312 3547 377 3620 est,
392 3549 426 3602 et
442 3533 622 3603 clarissime
640 3550 751 3604 tamen
765 3537 892 3606 cunctis
908 3551 1029 3608 cuncta
1046 3540 1146 3634 signi·

81 3637 169 3707 ficat.
190 3639 280 3708 Inest
297 3639 421 3734 quippe
439 3641 563 3733 gratia,
581 3637 739 3728 dulcedo,
752 3641 969 3712 commoditas
992 3668 1032 3713 ac
1054 3643 1146 3740 lepos

82 3745 194 3813 nescio
219 3744 309 3838 q'uis,
329 3743 409 3814 dum
436 3746 588 3839 improba
613 3747 734 3841 probe,
755 3747 929 3820 inhonesta
952 3750 1091 3820 honeste
1115 3767 1148 3821 et

128 3944 151 3978 r.
161 3923 247 3978 Tacit.
260 3923 347 3996 Agric.
358 3944 415 3996 cap.
427 3925 475 3994 39.

126 4023 152 4056 ι.
164 4001 204 4056 ld
217 4003 274 4056 ibid.
286 4023 345 4076 cap.
359 4025 384 4058 a.

126 4081 152 4136 3.
164 4081 233 4136 Ibid.
244 4101 302 4156 cap.
313 4085 358 4146 4⁵.
