2838 4918
412 457 484 524 TH.
514 455 647 524 ΜΒΝ
659 455 818 524 ABIUS.
1111 482 1147 526 rx
1200 529 1204 535 ,

89 605 123 658 ut
138 589 296 681 majorum
310 586 457 681 gentium
472 601 605 656 versent
619 590 754 672 Poetas5
771 585 828 658 scd
841 611 936 673 suos,
950 603 988 658 ut
1000 589 1147 682 ejusdem

89 695 208 765 Arbitri
222 693 331 762 verbis
349 707 441 778 utar,
459 707 498 762 ut
515 694 658 788 quisque
671 717 805 764 versum
825 693 963 788 pedihus
977 695 1146 784 iustruxit,

87 822 279 894 sensumque
301 799 464 869 teneriore
490 799 669 868 verborum
693 799 818 870 ambitu
847 800 1008 888 intexuit,
1031 816 1150 896 putant

86 907 241 974 continuo
277 907 312 974 in
343 903 537 975 Heliconem
573 906 701 974 venisse
729 931 737 973 :
761 920 795 974 et
825 905 939 998 quidni
970 907 1149 980 venerint?

86 1011 228 1104 quando·
241 1011 321 1104 ipsis
351 1009 574 1105 pedagogulis
605 1015 737 1080 Fausta
756 1036 886 1106 precor
910 1012 1029 1106 gelida
1054 1028 1150 1084 sonet

86 1115 178 1186 altius
207 1141 308 1211 quarn
335 1117 449 1186 Arma
473 1122 650 1210 vermeque
671 1140 779 1199 cano,
809 1131 843 1187 et
863 1115 1010 1212 Elegiaci
1035 1143 1150 1190 omnes

86 1222 260 1307 sordeant,
284 1223 310 1291 si
328 1221 543 1290 conferantur
563 1247 640 1292 cunr
668 1225 738 1314 Qui
760 1223 844 1292 milri
863 1223 1059 1318 obseptus.
1085 1225 1150 1295 Sed

87 1327 173 1396 unde
202 1327 292 1410 haee,
317 1353 446 1422 quaeso,
465 1342 576 1396 vestra
606 1329 751 1423 gravitas
779 1343 887 1418 tunm,
914 1331 1090 1423 sapientia,
1116 1345 1151 1402 et

85 1435 254 1517 sanctitas3
269 1434 371 1502 immo
382 1435 529 1529 pigritia,
540 1436 749 1529 arrogantia,
760 1449 793 1504 et
808 1433 1151 1534 sinisteritasiPoetae,

86 1539 171 1631 quod
186 1537 405 1632 praetenditis,
421 1539 555 1610 obscuri
570 1553 656 1608 sunt
673 1540 738 1608 Sed
754 1533 880 1626 videte,
896 1567 938 1612 ne
952 1541 1018 1611 hoe
1033 1543 1151 1612 vitium

90 1667 107 1711 a
126 1646 222 1714 vobis
244 1647 304 1731 sit,
325 1647 470 1738 quinon
492 1644 622 1714 assidua
648 1643 789 1714 lectione
811 1646 947 1717 redditis
967 1671 1025 1716 eos
1045 1649 1148 1742 magis
1196 1651 1200 1658 “

17 1775 18 1792 ÷
88 1749 268 1819 familiares.
285 1751 377 1839 Quin
399 1765 432 1820 et
454 1765 732 1822 commentatores
759 1753 837 1820 satis
860 1750 1018 1823 luculenti
1043 1752 1149 1822 facem

89 1855 284 1948 praeferunt;
300 1881 442 1951 quorum
460 1857 593 1926 tedium
616 1859 643 1928 si
664 1855 717 1925 vel
734 1856 865 1927 delicati
887 1857 975 1928 ferre
995 1882 1064 1928 non
1085 1883 1149 1954 po-

89 1963 190 2046 testis,
203 1960 257 2030 vel
274 1962 316 2031 ad
331 1965 483 2057 graviora
498 1963 583 2032 forte
600 1962 708 2033 studia
724 1966 909 2058 properatis
926 1964 1151 2058 potiusquam

17 2111 18 2116 κ
89 2069 275 2154 maturatis,
295 2093 336 2136 en
359 2069 453 2138 vobis
473 2094 588 2138 sensus
609 2067 786 2138 medullam
806 2085 893 2140 notae
911 2069 1152 2164 admarginales

17 2187 18 2250 ἰ
88 2187 250 2266 prestant.
269 2174 334 2242 Sed
352 2174 475 2244 inutilis
489 2189 556 2261 est,
571 2189 609 2246 ut
623 2175 820 2259 causamini,
835 2201 950 2246 eorum
968 2175 1085 2262 lecti03
1101 2189 1152 2262 et,

89 2279 173 2372 quod
198 2279 282 2347 dixit
308 2279 434 2366 Zeno,¹
459 2279 502 2350 ad
525 2283 772 2376 perceptionem
798 2281 1045 2378 disciplinarum
1069 2281 1152 2352 nihil

88 2384 220 2454 alienius
235 2387 498 2470 Poeticavobis,
508 2411 582 2481 quae
598 2411 666 2456 non
677 2386 800 2480 legitis,
810 2411 853 2456 an
866 2390 1062 2484 exspectatis
1078 2390 1153 2460 usui

88 2515 153 2560 esse
168 2490 288 2585 posse?
301 2493 426 2562 Discite
437 2492 516 2586 quid
530 2491 640 2562 dicere
650 2491 774 2562 Plinius
791 2493 906 2566 solitus
920 2497 977 2584 sit,
989 2494 1152 2566 referente

89 2611 205 2692 nepote
222 2622 282 2666 suo
298 2595 323 2666 :²
339 2596 477 2668 Nullum
496 2623 567 2670 esse
584 2598 706 2668 librum
722 2613 789 2668 tam
805 2599 950 2684 malum,
964 2614 1084 2671 utnon
1100 2599 1155 2669 ali·

90 2728 148 2796 qua
168 2729 209 2772 ex
231 2718 325 2798 parte
347 2704 527 2797 prodesset.
549 2707 598 2773 Ac
620 2731 663 2773 ne
681 2706 818 2774 virtutes
842 2721 876 2774 et
897 2703 1052 2776 utilitates
1070 2709 1152 2777 Poe·

91 2811 156 2878 licre
174 2833 278 2902 cogar
295 2811 329 2878 in
348 2810 413 2879 hoc
431 2825 623 2880 transcursu
638 2809 816 2880 licentioris
830 2835 931 2906 quarn
948 2812 1153 2883 institueram

89 2915 286 3008 prelationis
308 2939 493 3005 recensere,
512 2919 555 2985 D.
575 2919 761 3012 Augustino
779 2917 874 2988 vobis
891 2932 1047 3006 auctore,
1061 2918 1151 2990 colli·

89 3023 152 3113 gite
175 3045 392 3115 quaecumque
419 3023 462 3092 ab
490 3023 640 3092 Ethnicis
664 3024 789 3118 scripta
819 3039 915 3111 sunt,
940 3022 1031 3093 etin
1055 3050 1152 3096 usum

89 3141 235 3196 vestrum
263 3127 444 3216 vindicata,
462 3129 705 3223 possessoribus
730 3127 792 3199 illis
814 3130 942 3224 injustis
964 3145 1087 3226 erepta.
1110 3134 1155 3200 At

89 3259 124 3300 ex
147 3233 258 3301 Poetis
278 3230 444 3328 plerique,
460 3236 539 3303 dum
562 3237 679 3304 tetrica
696 3233 815 3304 volunt
833 3259 1017 3324 amoenaue,
1036 3237 1153 3306 verbo·

90 3363 162 3406 rum
182 3336 333 3408 nuditate
357 3355 456 3434 atque
477 3365 589 3409 rerum
611 3341 827 3411 obscoenitate
851 3343 980 3410 aurium
1000 3367 1153 3412 reveren·
1190 3419 1192 3428 ,

89 3444 166 3512 tiam
188 3445 367 3532 incestant,
385 3447 486 3516 animi
503 3473 612 3516 mores
631 3463 859 3541 corrumpunt.
875 3447 1005 3534 Nolite,
1024 3472 1153 3543 quaeso,

90 3547 179 3643 loqui
199 3550 337 3644 perinde
358 3575 397 3621 ac
419 3554 447 3622 si
465 3555 508 3621 in'
521 3552 667 3623 Platonis
685 3553 885 3647 Republica,
903 3569 961 3623 aut
979 3580 1054 3624 cum
1075 3581 1153 3650 per-

92 3655 182 3723 fectis
206 3655 395 3726 hominibus
421 3660 587 3728 viveretur
611 3685 619 3728 ε
643 3661 735 3754 quasi
759 3683 839 3728 vero
865 3659 963 3728 detur
987 3660 1153 3731 sincerum

92 3759 228 3854 aliquid,
244 3763 314 3832 sine
333 3763 410 3832 mali
429 3765 623 3835 admistione
644 3791 783 3860 purum,
801 3781 835 3835 et
852 3766 894 3834 ab
914 3767 1005 3836 omni
1022 3781 1154 3836 terrena
1193 3809 1195 3814 ·

93 3866 168 3936 faece
188 3869 281 3960 quasi
303 3869 416 3940 divino
439 3872 515 3966 igne
536 3887 719 3944 excoctum.
740 3872 886 3959 Profert,
909 3872 1040 3942 habetis
1063 3875 1152 3942 enim

137 4056 159 4090 r.
173 4041 259 4103 Zeno,
273 4053 325 4094 etc.
340 4043 416 4114 Diog.
431 4045 550 4098 Laertius
564 4043 598 4098 dc
686 4065 712 4097 a.
725 4047 848 4112 Refircrree
857 4058 939 4116 nepote
949 4010 1001 4100 suc.
1016 4046 1086 4100 Plin.
1098 4047 1156 4099 Ce-

17 4121 18 4126 ’
97 4117 163 4169 Vitis
175 4119 272 4174 Philor.
286 4121 333 4174 tib.
344 4122 405 4174 vn.
644 4125 686 4176 eil.
703 4125 770 4178 ttin.
783 4126 843 4178 Lib.
856 4126 909 4187 lll,
924 4145 966 4196 ep.
979 4126 1004 4178 5.
