2838 4918
290 461 383 508 xvrn
444 438 515 504 DE
543 439 589 505 M.
610 437 717 505 VAL.
747 437 1044 507 MARTIALIS
1071 439 1196 517 VITA

287 585 326 640 ut
344 569 463 638 merito
480 568 631 638 dubitare
651 569 778 662 possis,
801 592 843 636 an
864 595 905 638 ex
926 583 1025 664 gente
1043 568 1181 640 Claudia
1204 573 1364 654 Romqna
1412 657 1413 660 Ἴ

288 675 390 744 fuerit
402 675 473 743 haec
487 673 646 742 Marcella
657 700 664 740 :
677 698 809 744 versum
819 699 900 769 ergo
915 675 1076 744 Martialis
1086 678 1208 746 rectius
1219 679 1364 772 scripse-

287 783 368 867 rim,
386 795 424 851 ut
445 793 521 850 aute
537 779 673 848 habuit:

404 947 463 1002 Nec
480 943 537 1000 cito
554 941 661 1000 ridebit
677 942 822 1022 peregrini
838 945 929 1022 gloria
945 958 1054 1024 partus.

286 1108 325 1172 lu
348 1105 454 1198 patria
470 1073 635 1172 laudanda
657 1116 725 1170 tam
747 1102 886 1197 diligens
905 1119 938 1172 et
955 1104 1109 1198 frequens
1128 1122 1197 1193 est,
1217 1121 1253 1174 ut
1268 1106 1362 1175 illius
1412 1153 1413 1160 κ

286 1210 548 1278 amantissimum
564 1207 659 1278 facile
673 1207 854 1304 intelligas3
870 1210 906 1294 1,
925 1233 995 1280 nxn
1011 1237 1018 1277 :

405 1379 463 1446 Te,
480 1371 641 1446 Liciniano,
655 1374 828 1452 gloriabitur
841 1389 955 1448 nostru,

444 1471 506 1526 Nec
520 1487 565 1524 me
580 1466 687 1524 tacebit
701 1466 821 1525 Bilbilis.
893 1467 903 1488 ‘

286 1629 358 1698 Lib.
382 1628 498 1698 eodem
509 1681 519 1716 ,
531 1630 634 1723 epigr.
652 1653 694 1697 n:

443 1793 495 1850 Vir
507 1791 661 1850 Celtiberis
674 1812 734 1849 non
749 1793 869 1851 tacende
884 1793 1029 1871 gentibus,

484 1887 654 1960 Nostraeque
670 1883 732 1942 laus
746 1884 907 1962 Hispaniae,

444 1972 566 2034 Videbis
580 1975 683 2046 altum,
695 1975 857 2046 Liciniano,
871 1975 1004 2047 Bilbilin,
1083 2029 1085 2033 ,

484 2066 574 2143 Equis
591 2079 621 2124 et
635 2066 721 2124 armis
735 2065 871 2125 nobilem.

284 2231 357 2300 Lib.
381 2231 433 2316 X,
451 2253 535 2300 cur:

402 2391 581 2470 Municipes,
596 2399 726 2471 Augusta
742 2392 811 2450 mihi
826 2411 900 2470 quos
914 2392 1023 2451 Bilbilis
1037 2397 1095 2451 aeri

441 2489 544 2544 Monte
555 2497 650 2556 creat,
666 2483 775 2563 rapidis
787 2504 862 2562 quos
872 2485 941 2546 Salo
954 2485 1042 2564 cingit
1055 2487 1151 2564 uquis;

403 2578 516 2658 Ecquid
529 2580 593 2638 leta
603 2579 687 2656 juvat
700 2579 790 2637 vestri
800 2597 854 2636 vos
868 2578 959 2656 gloria
969 2578 1063 2637 vatis?

442 2676 516 2730 Nam
533 2670 621 2730 decus
637 2683 666 2730 et
682 2690 802 2743 nomen,
818 2671 952 2748 famaque
963 2683 1058 2728 vestra
1070 2689 1177 2728 sumus.

283 2837 327 2902 Et
343 2859 421 2903 mox
438 2835 472 2901 in
493 2834 660 2926 sequenti:

442 2995 525 3054 Illinc
538 3007 565 3052 te
576 3005 640 3051 ruta
653 2993 751 3065 tollet,
763 3005 792 3050 ct
806 2991 909 3050 citatus

441 3087 537 3146 Altam
549 3083 680 3156 Bilbilin,
694 3097 723 3143 et
736 3098 817 3143 tuum
828 3086 962 3145 Salonem

441 3178 552 3254 Quinto
564 3177 683 3235 forsitan
696 3176 797 3234 essedo
810 3176 930 3234 videbis.
953 3232 957 3249 ,

284 3343 356 3414 Lib.
379 3343 463 3428 ΧΠ,
483 3362 598 3450 xvnr:

443 3496 492 3550 Me
506 3490 612 3548 multos
626 3487 748 3565 repetita
761 3500 829 3566 post
841 3486 1016 3545 Decembres

441 3581 563 3661 Accepit
576 3597 639 3637 mua
654 3577 850 3655 rusticumque
865 3577 931 3634 fecit

441 3680 524 3733 Auro
538 3671 649 3746 Bilbilis
663 3684 692 3729 et
704 3668 830 3748 superba
842 3669 931 3727 ferro.

284 3837 348 3909 Sed
367 3836 410 3906 de
423 3837 530 3930 patria
545 3832 707 3902 Martialis
727 3846 761 3901 et
779 3831 821 3900 de
841 3831 905 3899 hac
925 3828 1029 3900 Bilbili
1046 3831 1156 3927 plura,
1176 3836 1211 3919 1,
1235 3859 1263 3904 c.
1284 3839 1358 3906 Ro-

246 3982 249 3988 ·
285 3967 374 4013 marn
392 3941 501 4030 venit,
523 3965 627 4036 quum
646 3961 771 4007 annum
790 3951 904 4031 ageret
927 3935 1067 4006 alterum
1087 3953 1121 4009 et
1135 3940 1358 4030 vicesimum,

283 4053 418 4120 Nerone
432 4050 636 4144 imperante:
658 4045 725 4139 egit
744 4044 777 4114 in
796 4043 879 4112 urbe
897 4067 1002 4112 annos
1019 4047 1165 4138 quinque
1181 4072 1281 4142 supra
1292 4051 1356 4118 tri·
