2838 4918
287 449 351 516 ET
379 445 641 514 OPERIBUS
667 445 968 516 MAR‘l'IALlS.
1051 444 1154 517 xivn

101 582 266 648 nuntiatur
282 591 317 646 et
333 575 596 662 commendatur,
614 589 713 670 atque
730 574 858 646 solenni
875 575 983 670 elogio
1001 599 1040 646 ea
1055 601 1153 673 pero-

99 686 180 754 ratio
192 699 259 754 est:
275 713 293 748 a
306 685 424 776 Neque
441 681 591 750 laudibus
608 683 729 751 uostris
746 679 985 771 diffidendum
999 685 1153 756 Eremitis

99 791 351 860 cacodaemones
373 789 506 857 minime
528 785 770 856 lavernus.n1d
792 803 905 858 noster
924 791 1064 884 aenigma
1082 815 1153 861 esse

97 896 283 983 arbitratur,
301 919 363 963 nec
384 891 479 965 facile
499 895 568 962 sine
586 891 712 988 OEdipi
733 892 869 988 alicujus
889 893 1009 965 auxilio
1028 895 1154 968 nodum
1218 915 1224 932 ·

98 1000 217 1090 solvet3
231 1001 354 1096 quippe
367 1023 466 1094 quem
478 997 564 1094 fugit
573 997 674 1068 tribui
687 1024 772 1093 opus
785 1001 950 1094 scriptori,
964 1003 1020 1095 qui
1035 1000 1105 1072 aliis
1120 1004 1155 1072 iu

96 1105 209 1176 libellis
226 1105 305 1176 olim
324 1106 504 1176 Eremitam
523 1129 558 1174 se
577 1103 704 1176 dixerit.
1047 1127 1050 1134 ·

144 1211 228 1284 lnde
248 1212 412 1306 arripiunt
435 1209 618 1282 Aristarchi
642 1212 745 1280 nostri
770 1211 921 1282 Italicum
943 1213 1100 1308 Orphea,
1122 1229 1156 1284 et

22 1297 24 1390 l
95 1319 183 1388 deco
195 1331 378 1388 scommata
390 1316 626 1387 scommatibus
635 1317 956 1404 continuant,m0do
965 1319 1154 1404 hortantes,

20 1660 22 1816 l

19 1905 22 2074 l

99 1423 255 1518 «linquat
270 1424 366 1494 sume
380 1423 511 1510 tubam,
530 1423 645 1494 saltem
660 1447 778 1510 unam,
792 1447 856 1518 qua
871 1425 972 1519 ipsius
985 1451 1107 1496 nomen
1121 1441 1155 1496 et

94 1529 205 1600 laudes
220 1532 362 1625 posteris
380 1528 489 1598 tradat
503 1557 535 1614 ν,
554 1528 655 1598 modo
670 1557 688 1594 a
703 1531 868 1624 tympanis
888 1545 1004 1625 parcat
1021 1531 1155 1600 audien-

93 1637 173 1706 tium
195 1651 230 1705 et
247 1637 314 1706 suis
329 1665 360 1702 a.
372 1636 462 1704 Num
480 1633 571 1704 vides
590 1633 632 1702 ad
651 1633 723 1704 haec
744 1633 889 1705 hiantem
907 1650 941 1705 et
959 1635 1154 1732 caligantem

92 1739 272 1834 juvenem?
285 1765 392 1836 neque
411 1740 500 1810 enim
523 1739 577 1810 ille
599 1741 694 1809 novit
718 1739 901 1834 percelebri
921 1743 995 1810 viro
1017 1744 1155 1813 nimium

95 1848 204 1917 forsan
227 1845 359 1942 placere
377 1862 531 1941 ruptum,
549 1848 685 1916 scissum
705 1869 724 1914 a
741 1848 905 1941 tympanis
923 1861 957 1916 et
976 1847 1065 1918 tubis
1088 1875 1155 1918 me·

94 1952 160 2040 loe;
177 1977 287 2048 neque
303 1953 460 2048 perspicit
477 1952 670 2048 ambiguum
691 1975 823 2022 sensum
843 1953 875 2022 in
893 1951 1058 2038 clausula,
1075 1954 1154 2024 dum

19 2091 20 2102 ν
95 2073 124 2128 et
145 2083 243 2128 aures
265 2074 299 2128 et
318 2061 536 2128 instrumenta
561 2059 686 2128 musica
709 2058 861 2153 designat
884 2056 965 2130 illud
986 2067 1157 2156 &inponis

94 2164 300 2244 αιιάιὶπιίιιηι
322 2181 358 2234 et
376 2169 458 2234 aruh.

18 2266 19 2328 l
144 2271 237 2361 Quid
249 2295 352 2366 quum
367 2269 411 2341 illi
423 2271 582 2366 optimam
595 2273 730 2342 mimam
741 2269 928 2357 laudantes,
941 2270 1060 2342 Gallici
1074 2275 1159 2344 vatis

17 2438 18 2460 ,
94 2375 327 2472 lepidissimum
343 2376 520 2448 distichum
536 2379 697 2464 excitant,
712 2377 806 2470 cujus
823 2377 877 2448 hio
893 2402 1027 2448 sensus:

172 2553 247 2611 Huic
263 2573 297 2611 ea
309 2553 366 2626 vis,
381 2571 417 2610 ee
429 2569 506 2623 vox,
519 2571 553 2609 ea
569 2570 649 2610 mens
659 2570 723 2629 quae
737 2543 876 2628 pla'udere
892 2551 993 2628 vulgus

171 2654 313 2727 Imperat3
324 2648 393 2707 huic
404 2647 526 2708 Veneris
539 2649 642 2716 facies,
655 2647 738 2724 lepor
752 2660 838 2724 atque
848 2647 999 2724 juventus.
1013 2690 1020 2704 .
1033 2693 1039 2705 .
1052 2690 1059 2704 .

175 2747 381 2823 Carnairiiaquc
396 2751 489 2804 caret¹
504 2752 511 2803 t

94 2915 195 2986 Nobis
213 2917 346 3012 quidem
365 2920 523 2988 continuo
542 2931 633 3012 patet
649 2915 766 2985 ultima
784 2914 854 2984 haec
873 2915 976 2984 verba
993 2915 1085 2986 idem
1103 2943 1159 2987 so·

94 3045 171 3092 nare
184 3047 225 3117 ao
238 3025 265 3092 si
279 3023 421 3110 diceres,
434 3055 451 3090 u
468 3024 591 3093 Pudice
605 3038 655 3092 est
670 3051 702 3105 r,
718 3051 736 3085 u
749 3022 857 3090 Proba
874 3037 924 3090 est
939 3047 977 3108 »ς
991 3047 1052 3092 nos
1067 3013 1156 3094 enirn

94 3130 213 3198 scimus
227 3128 260 3198 id
277 3129 509 3226 pervulgatum
528 3129 617 3224 apud
638 3128 796 3222 improbae
818 3125 940 3226 liuguae
961 3144 1157 3223 nugatores,

94 3233 208 3304 donari
227 3239 347 3305 amicas
368 3235 453 3305 solas
474 3237 517 3305 ah
534 3233 721 3304 amantibus
740 3235 817 3302 viris
832 3233 1007 3304 mamillari
1027 3237 1156 3304 Casmi-

95 3341 204 3428 rian03
220 3343 264 3410 ita
284 3357 320 3410 ut
341 3346 512 3432 συνώνυμον
531 3343 599 3435 jam
622 3339 809 3409 Mamillare
830 3342 1076 3411 Casmirianum
1100 3341 1158 3410 ha·

95 3445 368 3518 beaturhdulteri
388 3463 422 3517 et
439 3449 574 3518 Moeohi.
591 3450 636 3516 At
655 3446 745 3542 quod
768 3470 829 3516 nos
850 3449 1000 3542 apprime
1020 3449 1160 3531 scimus,

95 3550 145 3620 ille
164 3555 311 3648 ignorat,
327 3579 434 3649 neque
457 3580 537 3649 ergo
557 3554 661 3650 probe
674 3547 830 3647 jocosum
849 3577 985 3623 carmen
1007 3554 1160 3647 intelligit

98 3659 184 3751 quod
207 3662 296 3730 circa
316 3660 348 3730 id
371 3663 540 3731 axiomatis
563 3685 666 3755 genus
688 3673 850 3728 versatur.

215 3860 238 3894 ι.
252 3841 310 3894 Elle
324 3860 338 3894 a
349 3861 391 3894 ces
401 3841 497 3911 grands
509 3843 603 3895 talenta
613 3859 668 3912 que
680 3841 704 3893 le
716 3839 808 3912 public
819 3838 940 3906 admira,

250 3922 290 3973 De
305 3921 329 3973 la
340 3921 449 3989 heaute',
459 3921 532 3991 vingt
544 3940 590 3974 ans
601 3961 607 3973 .
619 3961 624 3974 .
635 3961 640 3974 .
651 3961 656 3972 .
671 3933 698 3974 ct
709 3939 754 3992 pas
767 3939 803 3972 un
814 3919 977 3973 nechemiae!

755 4001 872 4055 cisium
887 4002 1061 4052 Daranissa.

805 4075 864 4140 (Les
883 4081 1029 4133 Come'diens.
1050 4083 1107 4131 Act.
1124 4077 1161 4138 l.)
