2838 4918
232 449 296 516 ET
323 445 592 515 OPERlBUS
621 445 928 513 MARTIALIS.
1036 469 1131 514 xnvn

75 595 139 664 ter,
160 578 188 646 si
209 580 283 672 quis
304 579 456 644 invectus
478 576 511 642 in
528 576 657 668 turpia,
681 597 741 668 per
762 573 918 669 ambages
936 589 970 643 ct
989 601 1132 670 περιφρα-

72 691 178 762 cruor
198 684 269 752 baec
285 683 481 776 designans,
499 681 749 775 graphicissime
760 695 872 749 tamen
890 695 923 748 et
936 680 1135 775 depinxisset

10 799 11 846 l
72 805 101 860 et
125 788 286 859 illecebris
306 789 401 858 novis
424 785 631 856 ornavisset?

119 899 169 964 Ne
186 897 288 989 igitur
310 895 436 964 Nostro
466 892 680 962 vehementer
699 892 796 960 nimis
818 891 1077 977 stomachamur,
1107 897 1134 970 si

72 1025 148 1096 quas
166 999 362 1094 elegantias,
381 1023 464 1092 quos
484 999 578 1092 jocos
598 998 632 1066 in
652 997 784 1066 eroticis
803 1012 919 1066 nactus
937 1013 1001 1083 cst,
1018 1023 1133 1068 eorum

73 1109 214 1176 imitator
236 1107 378 1190 exstitit,
392 1119 427 1172 et
447 1102 489 1172 de
504 1101 756 1197 Lampsacenis,
781 1103 972 1191 Gaditanis,
994 1102 1134 1174 Alexan-

72 1213 169 1282 drinis
185 1212 338 1306 nequitiis
352 1233 391 1280 ea
406 1209 538 1279 licentia
552 1209 636 1303 egit,
649 1211 704 1280 cui
718 1208 1135 1280 invidissetdlexandrinus

72 1319 237 1412 pathicus,
260 1316 426 1386 Gaditana
444 1313 613 1398 saltatrix,
630 1317 856 1410 etLampsaci
877 1317 978 1386 sacris
1000 1332 1135 1410 operata

10 1507 11 1510 Ἴ
72 1423 195 1493 mulier.
209 1421 302 1491 Nihil
320 1424 444 1516 quippe
459 1444 501 1489 ex
522 1421 591 1490 istis
609 1419 781 1490 obstaculo
800 1421 882 1506 fuit,
904 1423 986 1516 quin
1005 1420 1136 1516 publice

73 1528 247 1624 legeretur,
267 1552 335 1598 non
353 1530 387 1596 in
404 1526 488 1595 urbe
506 1525 614 1596 solum
632 1542 670 1596 ut
687 1527 871 1606 vastissima
892 1541 926 1594 et
946 1530 1135 1621 potentissi-

73 1660 136 1722 ma,
151 1638 201 1703 ita
216 1634 483 1728 corruptissima,
504 1647 539 1701 at
555 1633 591 1701 in
606 1633 801 1727 provinciis,
817 1631 873 1700 ubi
893 1635 1022 1702 rusticae
1043 1659 1135 1704 vere·

72 1741 196 1810 cuudiae
214 1738 365 1809 nonnihil
386 1753 606 1823 remanserat,
625 1737 683 1806 ubi
701 1736 810 1807 adhuc
828 1738 961 1831 ‘vigebat
979 1742 1136 1810 Patauina

72 1847 241 1917 modestia.
264 1848 365 1915 Certe
386 1846 456 1938 ipse
479 1844 520 1914 de
532 1846 662 1915 Vienna
681 1842 917 1938 Allobrogum:

186 2023 238 2077 Mc
251 2017 320 2094 legit
333 2017 426 2074 omnis
440 2015 482 2074 ibi
495 2016 600 2086 senior,
611 2015 799 2093 juvenisque,
813 2035 957 2094 puerque,

229 2119 267 2173 Et
282 2133 379 2172 coram
396 2113 497 2171 tetrico
512 2125 589 2170 easta
601 2113 698 2190 puella
712 2112 805 2171 viro.¹

74 2297 104 2352 et
121 2282 209 2352 inira
227 2281 392 2377 paullum:
437 2389 441 2396 .

188 2478 235 2532 Tu
250 2491 368 2552 quoque
382 2472 526 2552 nequitias
540 2473 630 2531 nostri
647 2474 783 2552 lususque
798 2472 888 2534 libelli

230 2569 297 2629 Uda
311 2571 408 2648 puella
424 2571 515 2648 leges,
532 2571 570 2629 sis
581 2572 718 2630 Patavina
733 2571 827 2630 licet²

119 2751 168 2816 ht
193 2746 306 2816 forsan
330 2770 471 2841 repones
486 2771 493 2812 :
507 2747 585 2816 Non
613 2759 681 2814 tam
706 2745 808 2814 verba
831 2748 900 2841 ipsa
929 2746 962 2813 in
984 2748 1138 2842 improbo

76 2851 361 2948 reprehendimus,
373 2875 473 2946 quam
492 2850 682 2921 Sotadicum
699 2853 867 2946 ingenium
879 2877 889 2937 3
903 2877 1046 2948 namque
1064 2871 1138 2925 tur·

75 2959 230 3053 pitudinis
251 2983 388 3028 summae
406 2969 498 3052 gesta
520 2981 676 3044 narrans,
694 2959 746 3027 his
767 2958 904 3052 gaudet,
925 2959 976 3028 his
998 2962 1138 3046 invidet,

75 3065 122 3134 his
150 3066 274 3151 haeret,
298 3063 439 3150 arridet,
462 3061 647 3151 blanditur,
662 3063 733 3133 haec
756 3063 1002 3159 quodammodo
1025 3067 1140 3138 suadet

76 3187 110 3240 ut
128 3186 164 3239 et
185 3185 222 3238 tu
243 3169 353 3239 facias.
376 3170 573 3262 Aquinatem
589 3183 695 3256 certe,
716 3170 842 3265 dequo
865 3171 965 3240 modo
984 3171 1138 3267 loqueba·

76 3301 162 3364 mur,
174 3275 353 3344 identidem
363 3273 540 3345 credideris
549 3276 657 3344 minus
668 3278 701 3344 in
715 3277 886 3345 rhetorum
896 3277 1030 3346 officina
1040 3304 1139 3372 quam

77 3385 109 3450 in
122 3382 316 3452 meretriciis
333 3379 443 3450 lustris
462 3383 627 3450 cecinisse.
643 3383 686 3450 At
699 3383 733 3450 in
752 3381 840 3468 haec,
855 3408 928 3476 quae
945 3385 1094 3454 nominat
1108 3403 1141 3456 et

77 3487 251 3570 describit,
266 3489 425 3556 acerrime
437 3487 617 3574 invehitur,
632 3487 702 3557 haec
715 3489 747 3556 vi
763 3512 891 3557 summa
907 3507 1095 3560 exsecratur
1109 3507 1143 3561 et

10 3641 11 3680 ,
77 3593 295 3688 deprecatur3
318 3617 378 3677 ac,
401 3594 427 3662 si
448 3593 580 3687 quando
601 3593 703 3680 ridet,
719 3595 792 3689 quis
812 3591 914 3664 risus!
932 3619 1032 3689 quam
1053 3623 1141 3666 ama·

78 3723 134 3769 rus
150 3713 183 3768 et
197 3695 352 3768 mordax!
373 3723 446 3793 quae
464 3699 646 3793 indignatio
662 3697 719 3770 tali
733 3701 802 3770 risu
822 3700 961 3771 «fortius
975 3727 1014 3804 ac
1027 3704 1142 3774 melius

80 3819 170 3875 secat
181 3803 335 3874 reslu-
343 3807 424 3874 Esto
439 3828 538 3889 sane;
557 3805 614 3875 sed
630 3807 753 3876 Satires
771 3807 901 3902 scripsit
912 3809 1094 3898 Iuvenalis,
1110 3813 1143 3880 in

124 4033 149 4067 r.
162 4014 220 4068 Lib.
231 4016 294 4077 vn,
307 4015 392 4086 epigr.
405 4033 537 4069 cxxmn.

124 4113 151 4147 a.
160 4093 219 4148 Lib.
230 4095 285 4162 xl,
300 4095 382 4166 epigr,
395 4113 450 4149 xrr.
