2838 4918
276 449 339 492 xlv
420 428 488 495 DE
517 429 563 494 Μ.
585 429 691 496 VAL.
719 431 1012 500 MilllTlALlS
1045 433 1169 502 VITA

272 555 363 648 quod
376 554 532 626 Claudius
549 571 616 625 tarn
634 557 698 626 vile
714 559 853 641 fecerat,
869 574 906 628 ut
923 563 1033 630 vitreis
1049 561 1160 632 fractis
1175 563 1276 660 vulgo
1291 568 1343 635 di·

274 677 405 729 ceretur
425 664 498 730 emi.
518 663 610 732 omo
632 689 712 732 vero
731 667 911 759 peregrinis
929 668 1027 735 etiam
1047 667 1199 756 donavit,
1217 687 1255 740 ut
1272 675 1344 742 Dio

271 769 305 834 in
334 766 474 836 Claudio
499 784 533 836 et
557 769 692 840 Othone
714 785 870 840 testatum
893 771 1032 865 reliquit.
1060 773 1183 846 Bilbilis
1208 777 1343 846 colonia

271 875 418 966 Augusta
440 873 527 943 dicta
545 888 610 960 est,
630 890 667 944 ut
683 877 754 969 ipse
769 877 902 963 scribit,
918 875 971 944 lib.
993 881 1042 962 X,
1059 881 1160 975 epigr.
1187 881 1255 954 103
1275 911 1285 970 ;

407 1037 586 1114 Municipes,
603 1043 733 1116 Augusta
749 1039 820 1097 mihi
834 1058 907 1117 quos
922 1038 1033 1098 Bilbilis
1047 1043 1106 1098 aori

445 1134 547 1187 Monte
561 1141 640 1188 creat
653 1153 659 1186 :

268 1316 302 1370 et
317 1313 422 1368 exstat
436 1301 469 1368 in
485 1298 608 1368 Tiberii
622 1302 707 1392 Imp.
724 1323 809 1368 aereo
824 1324 973 1386 aninmo,
983 1303 1155 1372 Anensrn
1171 1307 1337 1378 Brnnrms.

268 1406 490 1500 Vespasianus
511 1419 643 1490 autem,
662 1404 766 1473 Plinio
781 1419 864 1474 teste
883 1409 954 1492 III,
974 1403 1015 1492 3,
1033 1409 1196 1478 unirersae
1210 1413 1338 1508 Hispa-

267 1513 329 1582 niae
352 1511 406 1604 jus
433 1512 520 1580 Latii
544 1509 651 1598 dedit;
673 1511 840 1580 civitatem
865 1525 980 1606 postea
1002 1513 1201 1584 Caracallus.
1226 1519 1337 1590 Marci

266 1643 346 1712 ergo
367 1632 400 1686 et
420 1617 544 1686 Valerii
566 1618 722 1704 nomina,
741 1642 834 1686 more
860 1620 981 1688 civium
1001 1620 1252 1704 Romanorum,
1277 1629 1337 1719 qui

248 1747 474 1820 praenomen,
490 1747 633 1810 nomen,
651 1748 840 1817 cognomen
861 1724 1025 1812 ferebant,
1042 1724 1102 1793 sibi
1118 1729 1219 1796 Poeta
1232 1727 1335 1824 legit,

266 1831 427 1900 arbitratu
447 1853 522 1898 reor
544 1854 613 1896 suo.
634 1831 742 1897 Marci
758 1829 844 1897 forte
859 1845 893 1897 et
910 1829 1091 1914 Martialis,
1113 1833 1202 1926 quod
1219 1859 1336 1907 rnense

266 1937 385 2004 Martis
403 1949 490 2004 esset
510 1933 635 2017 editus;
657 1931 701 2001 illi
718 1936 804 2002 enim
824 1937 948 2023 Marci,
969 1950 1007 2004 ut
1023 1939 1160 2007 Veteres
1179 1941 1334 2028 tradunt,

265 2041 480 2111 vocabantur.
499 2038 625 2108 Valerii
647 2065 790 2124 nomen,
812 2039 864 2109 vel
886 2065 906 2110 a
928 2045 1113 2112 Moecenate
1139 2070 1199 2114 suo
1222 2045 1334 2142 aliquo

264 2147 423 2234 Valerio,
439 2145 490 2214 vel
509 2145 643 2214 Valerio
665 2144 783 2215 Flacco
804 2145 956 2214 familiari
974 2163 1091 2242 poeta,
1108 2149 1159 2218 vel
1181 2151 1267 2220 forte
1286 2156 1333 2224 ob

265 2255 460 2323 memoriam
481 2250 620 2337 Catulli,
639 2277 737 2345 quem
756 2267 806 2321 est
826 2253 992 2336 imitatus,
1008 2255 1063 2346 qui
1089 2269 1123 2323 et
1142 2259 1211 2350 ipse
1229 2257 1332 2328 Vale-

265 2362 332 2430 rius
355 2359 501 2446 audivit,
522 2357 581 2427 sibi
603 2359 770 2452 sumpsit:
795 2383 857 2427 nec
879 2359 967 2431 enim
988 2383 1008 2428 a
1028 2362 1207 2454 majoribus
1233 2389 1331 2436 ncce-

263 2482 359 2564 ptum
388 2465 549 2549 arbitror,
575 2466 636 2534 etsi
664 2490 733 2536 non
760 2465 897 2558 ignoro,
921 2467 1056 2536 nomina
1082 2469 1178 2538 novis
1202 2471 1332 2542 civibus

263 2587 433 2669 assumpta
446 2573 491 2642 ab
503 2573 560 2654 iis,
573 2595 716 2664 qnorum
728 2570 888 2641 beneficio
903 2572 1068 2642 civitatem
1082 2575 1330 2668 impetrassent,

262 2705 322 2754 sua
342 2705 422 2750 vero
444 2704 506 2774 pro
523 2677 779 2772 cognominibus
792 2692 931 2748 serrata.
951 2678 1052 2766 Quod
1067 2677 1123 2750 lib.
1146 2683 1163 2748 1
1183 2681 1329 2754 debello

262 2787 391 2857 Gallico
423 2789 535 2856 Caesar
559 2784 723 2870 ostendit,
747 2811 850 2880 quum
876 2785 945 2868 ait;
972 2814 989 2848 a
1014 2787 1328 2860 Commodissimum

261 2896 370 2964 visum
393 2905 460 2976 est,
478 2894 525 2958 M.
542 2890 712 2961 Valerium
732 2890 926 2976 Procillum,
946 2891 1018 2960 Caii
1037 2890 1161 2962 Valerii
1184 2895 1327 2966 Caburri

262 2998 384 3084 lilium,
403 2999 497 3091 cujus
517 3011 612 3090 pater
637 3022 656 3064 a
677 2999 761 3066 Caio
778 2996 912 3066 Valerio
929 2995 1046 3066 Flacco
1068 2999 1200 3070 civitate
1221 3001 1326 3072 dona·
1409 3009 1410 3018 ’

262 3120 315 3176 tus
334 3119 423 3190 orat,
444 3103 614 3172 mittere».
633 3104 677 3171 Et
698 3103 819 3172 Cicero
838 3103 881 3172 ad
898 3101 1061 3191 Acilium,
1077 3107 1188 3176 «Cum
1202 3107 1326 3178 Deme·

261 3213 325 3281 trio
347 3213 448 3306 Mega
469 3209 550 3278 mibi
570 3223 665 3278 vetus
680 3209 860 3305 hospitiiun
877 3225 944 3278 esti
966 3211 997 3280 ei
1015 3209 1189 3280 Dolabella
1204 3230 1323 3308 rogatu

261 3343 336 3388 meo
354 3320 521 3386 civitatem
543 3317 752 3411 impetravit,
768 3341 834 3412 qna
851 3318 886 3384 in
909 3341 945 3386 re
964 3341 1028 3411 ego
1045 3317 1187 3388 interlin.
1204 3322 1324 3414 Itaque

260 3451 350 3496 nunc
369 3428 405 3493 P.
428 3420 603 3494 Cornelius
623 3438 797 3492 vocatur».
811 3422 906 3492 Idem
925 3421 967 3492 ad
985 3423 1136 3494 eamdem
1161 3423 1320 3498 Acilium:

259 3561 282 3596 o
299 3535 340 3601 C.
353 3531 530 3604 Avianium
544 3527 761 3598 Philoxenum
774 3533 885 3600 Caesar
899 3553 973 3598 meo
986 3529 1146 3600 beneficio
1160 3531 1195 3600 in
1207 3535 1322 3602 Novo·

260 3663 432 3708 comenses
447 3635 576 3724 retulit,
589 3660 711 3704 nomen
722 3649 842 3710 'autem
860 3636 989 3704 Avianii
1008 3651 1231 3734 consequutus
1250 3655 1321 3725 est,

258 3744 349 3840 quod
370 3745 504 3814 homine
525 3740 616 3816 nullo
636 3740 710 3836 plus
732 3765 811 3812 usus
835 3755 905 3826 est,
921 3765 1019 3836 quam
1042 3739 1160 3812 Flacco
1180 3745 1321 3815 Avianio

258 3877 334 3921 meo
362 3849 663 3920 familiarissimo.»
696 3849 782 3916 Item
812 3849 847 3914 in
875 3848 1039 3916 Verrem:
1066 3851 1144 3936 oQ.
1167 3852 1320 3920 Lutatius

258 3957 425 4027 Diodonis
441 3955 603 4024 beneficio
613 3956 655 4043 Q.
668 3953 779 4024 Catuli
792 3952 910 4048 aSylla
925 3955 1186 4026 civisllomanus
1197 3955 1318 4044 factus,

258 4065 438 4158 eademque
453 4063 578 4137 ratione
592 4061 633 4129 de
649 4061 776 4148 Dione,
791 4063 848 4154 qui
862 4059 1023 4130 beneficio
1038 4063 1080 4150 Q.
1097 4060 1221 4131 Metelli
1236 4065 1319 4134 ciris
