2838 4918
271 442 354 488 xxvi
448 417 804 486 DISSERTATIO
832 419 899 485 DE
926 419 1159 488 INGENIO

272 566 383 619 tamen
399 543 597 640 viridissime
609 573 669 643 per
677 550 848 643 ambages,
863 563 897 616 at
908 573 963 618 ens
975 549 1341 644 vitreas,eloquuntur,

271 671 305 726 ct
316 657 424 724 minus
438 654 564 750 pudicis
577 656 772 748 imaginibus
784 657 877 749 quasi
893 653 1005 724 mollia
1017 654 1090 724 vela
1103 655 1288 726 obtendunt
1303 673 1342 727 et

271 760 577 832 circuminducunt:
591 774 628 829 ut
644 759 724 829 olim
733 763 910 855 Poppaeam
921 761 1064 831 Neronis
1077 761 1217 831 decebat
1232 761 1339 832 velari

270 882 398 964 partem
421 869 488 937 oris
503 866 531 950 ¹;
552 881 609 948 ut,
635 868 662 936 si
684 865 755 936 brae
780 868 966 961 comparari
990 881 1131 961 queant,
1155 867 1342 962 elegantior

269 973 376 1060 forma
390 997 505 1042 rarum
514 971 698 1058 videbatur,
709 998 783 1066 quaa
792 974 872 1042 Cois
884 971 1030 1042 vestibus
1039 973 1245 1067 gaudebant,
1254 973 1340 1043 dum

268 1082 418 1173 corporis
429 1077 555 1148 candor
571 1092 606 1146 et
623 1077 775 1148 mollities
789 1076 994 1173 pellucebat;
1014 1103 1178 1172 namque,
1197 1093 1234 1148 ut
1247 1081 1341 1149 Coas

268 1200 394 1271 vestes,
416 1187 462 1254 sic
485 1183 639 1253 lascivam
663 1207 736 1254 eam
758 1199 792 1253 et
814 1182 961 1253 dolosam
984 1184 1175 1278 pudicitiam
1200 1202 1340 1254 uenucm

268 1292 431 1376 textilem,
453 1292 562 1360 uncos
580 1288 724 1359 nebulas
742 1305 832 1360 recte
848 1289 978 1359 dixeris.
994 1294 1037 1360 At
1055 1291 1139 1360 varii
1157 1292 1256 1360 variis
1278 1290 1339 1359 de-

269 1395 448 1484 lectantur,
467 1421 506 1465 ac
527 1396 632 1464 ferme
654 1410 784 1464 constat

389 1612 396 1626 .
409 1609 416 1628 .
429 1569 576 1628 .in0rnata
589 1581 618 1627 et
632 1567 810 1628 dominantia
823 1571 941 1628 nomina
953 1569 1062 1628 solum²

266 1748 426 1844 placuisse
446 1747 525 1817 olim
551 1749 584 1814 in
602 1751 732 1844 Graecia
753 1763 787 1816 et
812 1749 846 1816 in
865 1747 970 1817 ltalia.
988 1747 1079 1837 Quid
1098 1751 1186 1817 enim
1206 1751 1336 1820 Aristo-

265 1857 391 1950 phanes
401 1855 606 1922 Athenarum
621 1878 725 1921 nurus
742 1867 775 1921 et
789 1851 916 1947 puellas
931 1853 1164 1943 docuitlQuid
1174 1853 1337 1926 Plautinae

264 1959 382 2030 fabulae
394 1974 548 2044 narrant,
562 1959 738 2042 exhibent,
750 1957 927 2052 ingerunt?
940 1958 1018 2054 quid
1031 1962 1244 2032 amoenissimi
1258 1989 1337 2057 poe

261 2082 303 2137 tae
321 2063 470 2136 Catullus
489 2079 522 2133 et
540 2063 692 2150 Flaccus,
712 2089 854 2158 quorum
873 2067 1003 2159 utrique¹
1019 2064 1116 2136 molle
1130 2091 1169 2136 ac
1188 2067 1334 2137 facetum

264 2174 356 2242 Deus
378 2187 412 2240 et
432 2173 513 2240 Deae
536 2185 741 2253 annuerant,
764 2173 886 2265 passim
909 2170 1067 2266 crepant?
1084 2173 1163 2267 quid
1189 2189 1336 2242 assertor

264 2303 303 2348 ac
333 2276 454 2347 vindex
487 2275 628 2370 publicae
657 2275 824 2370 pudicitiae
853 2279 1078 2346 tenacissimus
1101 2277 1268 2348 luvenalis
1298 2283 1335 2348 in

263 2385 369 2454 satiris
398 2383 466 2452 fere
492 2381 674 2450 omnibus?
696 2384 773 2450 Tria
803 2382 963 2452 duntaxat
993 2385 1091 2470 novi,
1120 2410 1193 2478 quae
1222 2387 1334 2455 minus

263 2514 381 2585 spurca
397 2490 430 2558 in
447 2489 605 2584 spurcitia
619 2511 678 2558 sua
694 2488 750 2557 hic
766 2504 894 2573 notem,
909 2489 1137 2559 Theocritcam
1154 2493 1333 2584 Oaristyn‚

260 2597 405 2666 Petronii
416 2591 647 2681 Miscellanea,
662 2594 791 2690 Apulcii
805 2597 942 2664 Asinum
953 2597 1116 2680 Aureum3
1129 2622 1202 2691 quae
1219 2611 1333 2666 tamen

260 2727 360 2798 quam
379 2716 510 2795 aperta,
525 2723 625 2796 quam
642 2701 740 2769 obvia
760 2717 853 2789 sunt,
868 2702 895 2770 si
913 2698 1032 2770 fabulis
1051 2704 1171 2771 uostris
1186 2701 1327 2771 Milesia-

261 2813 328 2896 cis,
344 2811 443 2876 etiam
454 2806 566 2906 paullo
581 2804 806 2890 liberioribus,
820 2803 1015 2876 contuleris!
1031 2795 1179 2876 Persium
1195 2810 1332 2878 memini

260 2915 293 2982 in
316 2915 415 2983 satira
447 2915 552 3006 prima
580 2911 758 3006 aequalibus
782 2914 849 2982 suis
876 2911 998 2981 bellum
1029 2913 1131 2982 veluti
1160 2913 1332 3002 indixisse,

250 3019 352 3114 ‚quod
373 3015 542 3088 mollitiem
563 3031 662 3111 atque
681 3017 826 3111 ἁρμονίαν
847 3017 1024 3113 quamdam
1054 3043 1145 3088 suam
1168 3019 1330 3088 affectan-

261 3140 330 3213 tes,
343 3127 495 3194 Romana
513 3120 615 3192 verba
627 3121 828 3218 eliquarent,
848 3125 1021 3194 evirarent.
1040 3128 1149 3194 «Haec
1165 3125 1330 3214 fierent»,

259 3234 304 3301 ait
326 3231 555 3327 pudicissimus
578 3244 697 3326 poeta,

376 3427 445 3481 Haec
460 3422 578 3489 tierent,
592 3422 617 3478 si
631 3420 756 3479 testiculi
768 3439 841 3479 vena
853 3421 912 3479 ulla
927 3422 1040 3499 paterni

378 3517 499 3576 Viveret
514 3517 543 3574 in
559 3515 682 3575 nobis?³

257 3701 379 3770 Nonne
399 3694 516 3766 eodem
542 3693 611 3762 fcre
632 3689 733 3760 ruodo
760 3688 1016 3762 reclamaturum
1039 3719 1113 3763 eum
1141 3693 1238 3765 luisse
1260 3721 1328 3790 pu-

302 3929 324 3963 1.
339 3908 424 3961 Tacit.
437 3904 535 3957 Annal.
548 3903 594 3954 lib.
612 3901 696 3963 xm,
711 3919 769 3971 cap.
782 3901 828 3966 45,

305 4009 330 4042 a.
343 3989 436 4040 Horat.
448 3987 506 4038 Art.
518 3983 591 4036 Poet.
601 3999 640 4034 vs.
660 3979 725 4044 234.

299 4071 324 4122 3.
337 4069 408 4122 Pers.
422 4065 517 4129 saul,
530 4081 567 4114 vs.
588 4059 648 4114 103.
