2838 4918
355 417 541 485 MATTH.
573 415 829 484 RADERUS.
1050 443 1127 489 xvir

80 549 236 644 legendam
249 563 384 643 putem,
398 547 488 642 quod
503 549 572 641 ipse
588 548 757 616 sententiar
772 547 856 616 ordo
874 547 1039 619 desideret
1051 575 1132 645 quo

79 683 144 751 qne.
164 657 217 726 Sic
238 656 328 724 enim
345 653 555 749 Lampridius
572 679 579 722 :
603 653 766 723 «Idcirco
784 653 873 749 quod
889 654 984 725 multi
1004 671 1131 750 septem

79 763 182 832 diebus
200 759 358 856 pulchros
378 785 448 830 esse
463 759 579 830 dicunt
589 783 662 848 eos,
676 762 733 854 qui
748 760 896 854 leporem
911 763 1133 852 comederint,

25 871 26 958 ζ
81 884 111 938 ιιι
129 865 289 936 Martialis
313 890 445 960 quoque
466 867 669 960 epigramma
693 866 858 960 signifieat
876 897 906 934 ».
930 869 1134 964 cognoscis,

81 973 187 1062 lector,
203 997 302 1066 quam
324 986 512 1068 opportune
534 971 632 1040 cadat
647 972 702 1040 hic
719 971 801 1040 illud
813 975 977 1067 qnoque?
989 976 1137 1069 Scriptu-

80 1103 142 1148 ram
154 1105 234 1175 ergo
244 1080 389 1173 priscam
399 1077 578 1148 confirmat
591 1079 661 1172 ipsa
676 1079 775 1147 series
791 1093 825 1148 et
836 1101 930 1147 mens
945 1079 1135 1150 verborum.

81 1188 142 1256 Etsi
166 1210 235 1254 non
259 1186 445 1256 necessario
473 1183 562 1278 legas
584 1209 719 1278 quoque
743 1178 892 1268 (constat
912 1187 1001 1254 enim
1025 1209 1139 1256 sensus

81 1291 285 1360 nihilominus
302 1293 430 1385 integer
447 1305 481 1359 et
497 1290 679 1384 perlectus,
694 1292 719 1359 si
737 1289 825 1385 legas
840 1285 968 1384 coqui),
979 1317 1073 1362 mens
1095 1308 1140 1362 ta·

81 1423 148 1466 meu
176 1395 314 1467 inclinat
336 1398 369 1466 in
397 1421 541 1492 quoque.
572 1395 680 1465 Multa
710 1398 797 1464 enim
829 1397 1011 1467 Scriverius
1042 1424 1140 1494 super

80 1529 153 1574 voce
173 1509 277 1598 coqui
287 1503 331 1572 ad
348 1505 440 1598 epist
455 1501 540 1571 libro
552 1505 569 1570 l
585 1502 755 1595 praefixam
768 1557 778 1590 ,
791 1517 824 1572 et
838 1503 1012 1591 Barthius,
1025 1507 1090 1591 vt,
1112 1530 1142 1589 r,

80 1612 127 1704 qui
142 1633 288 1704 coquum
301 1606 460 1703 appellat,
475 1624 508 1677 et
524 1633 625 1703 super
641 1633 680 1676 ca
696 1633 732 1677 re
740 1608 887 1702 disputat
899 1610 1073 1703 oopiosius.
1083 1613 1145 1680 Est

81 1741 176 1810 quum
193 1719 266 1783 κατ’
279 1715 500 1803 ἀντονομασίαν
517 1715 842 1809 epigrammatarius,
857 1728 894 1782 ut
911 1717 1078 1784 Homerus
1092 1717 1145 1784 vel

80 1821 231 1916 Virgilius
252 1835 370 1916 poeta,
393 1821 635 1890 Demosthenes
660 1821 712 1890 vel
735 1821 854 1890 Cicero
876 1835 1009 1907 orator,
1033 1821 1145 1914 philo-

81 1929 198 2022 sophus
221 1925 434 2013 Aristoteles,
454 1927 586 1997 dicitur.
606 1927 784 1996 Parentum
804 1929 962 2013 nomina,
980 1927 1042 1996 nisi
1061 1927 1146 1996 filius

82 2048 259 2120 cantasset,
275 2032 441 2104 oblivione
460 2032 588 2129 sepulta
600 2035 768 2126 jacerent:
790 2031 991 2103 immortalia
1005 2033 1148 2102 reddidit

82 2139 129 2208 lib.
148 2143 194 2226 V,
212 2141 317 2234 epigr.
337 2163 471 2209 xxxiv:

155 2311 241 2365 Hanc
258 2305 326 2376 tihi,
338 2311 447 2364 Fronto
462 2317 560 2384 pater,
572 2305 695 2382 genitrix
709 2305 858 2378 Flaccilla,
873 2307 1009 2382 puellam.

82 2471 254 2536 Parentem
269 2480 381 2536 tamen
399 2465 568 2536 affirmant
588 2464 687 2559 aliqui
706 2489 850 2559 coquum
870 2464 995 2534 dietum
1011 2464 1148 2533 lectum-

83 2597 151 2666 que.
177 2575 326 2642 Uxorem
348 2571 466 2641 habuit
484 2571 637 2642 Clodiam
658 2569 852 2640 Marcellam
874 2595 914 2640 ex
934 2583 1031 2664 gente
1052 2568 1150 2640 Clau-

86 2679 133 2747 dia
154 2677 302 2774 plebeia,
318 2677 373 2747 lib.
393 2679 576 2765 x11,xx1:

201 2844 379 2922 Municipem
396 2842 480 2921 rigidi
495 2844 560 2920 quis
577 2856 621 2914 te,
635 2841 774 2900 Marcella
784 2884 793 2913 ,
805 2841 935 2912 Salonis,

240 2941 277 2996 Et
290 2938 414 3016 genitam
428 2936 534 2995 nostris
548 2935 613 3012 quis
626 2947 709 3014 putet
723 2953 785 2992 esse
800 2934 891 2992 locis?

86 3115 117 3170 et
132 3124 212 3170 mox
227 3125 234 3166 :

203 3267 246 3321 Te
261 3263 319 3320 cito
335 3259 443 3318 ridebit
457 3261 627 3338 peregrinus
641 3259 743 3318 Clodia
756 3273 873 3338 partus,

243 3359 404 3413 Romanam
417 3353 504 3411 ducat
517 3371 604 3429 quam
621 3353 709 3429 magis
724 3371 786 3410 esse
799 3370 914 3410 numm.

85 3517 134 3583 lta
151 3513 320 3585 distichon
337 3515 403 3584 hoc
425 3513 504 3610 legit
523 3511 688 3606 Josephus
710 3511 856 3606 Scaliger
876 3512 920 3580 ad
941 3509 1020 3582 illud
1036 3515 1156 3605 Catul7

85 3619 227 3704 lienum,
250 3645 354 3691 carm.
368 3622 449 3708 LX,
474 3643 577 3714 ²¹9³

367 3783 458 3841 Dulce
473 3781 566 3840 rideat
580 3780 617 3838 ad
633 3793 754 3858 patrem.

87 3950 136 4015 Ex
158 3943 316 4015 Martiale
330 3959 441 4014 tamen
457 3943 576 4027 discis,
597 3941 748 4013 Clodiam
771 3941 857 4013 hanc
878 3944 1071 4016 Marcellam
1091 3971 1158 4015 non

88 4055 297 4136 Romanam,
324 4051 381 4120 sed
402 4051 584 4144 Hispanam
611 4063 645 4119 ct
665 4048 883 4120 Bilbilitanam
913 4055 1019 4146 patria
1041 4051 1159 4138 fuisse,

982 4185 1003 4251 b
