2838 4918
353 431 545 500 narra.
574 387 829 499 nananus.
1084 457 1129 502 xv

74 565 195 651 lactus,
211 565 254 652 Q.
272 561 426 632 Caecilius
448 563 513 630 Dio
534 574 584 632 est
603 558 796 653 appellatus.
818 589 835 624 s
860 559 929 632 sab
947 562 1128 656 imperato·

71 671 176 756 ribus,
193 695 296 763 quum
318 671 471 738 Romana
493 669 607 738 civitas
625 667 761 760 integris
779 667 958 760 provinciis
975 667 1129 758 daretur,

70 777 118 860 hi,
135 777 191 870 qui
204 776 371 844 civitatem
390 777 575 842 Romanam
592 771 897 866 consequebantur,
912 771 964 841 vel
980 776 1126 870 Impera·

19 887 21 990 l
70 883 143 951 toris
164 905 355 976 praenomen
376 895 409 948 et
427 904 567 964 nomen,
582 877 634 946 vel
653 878 738 972 ejus,
757 891 816 946 aut
835 903 967 960 eorum,
985 905 1126 972 quorum

19 1017 20 1074 ,
70 989 224 1082 praecipue
253 985 397 1054 subsidio
421 987 589 1054 civitatem
611 986 857 1078 impetrassent,
880 986 1015 1054 nomina
1043 987 1126 1056 fere·

69 1093 301 1162 ornaveram
319 1117 421 1186 quum
445 1091 604 1160 Antonius
625 1089 813 1160 Caracallus
836 1093 1024 1186 Imperator
1043 1118 1126 1162 con-

19 1199 20 1260 ἶ
69 1200 265 1268 stitutionem
292 1197 465 1285 edidisset,
486 1221 560 1292 quae
582 1194 635 1264 lib.
658 1199 675 1264 I
698 1198 912 1290 Digestorum
939 1197 1010 1297 sub,
1031 1200 1127 1269 titulo

19 1275 20 1332 l
68 1305 104 1372 de
121 1319 207 1374 statu
225 1305 399 1372 hominum
420 1301 578 1388 refertur,
597 1327 663 1396 qua
681 1327 796 1371 omnes
816 1327 893 1389 eos,
910 1305 965 1396 qui
987 1305 1020 1371 in
1043 1306 1126 1375 urbe
1153 1367 1158 1377 .

19 1431 20 1492 ζ
69 1414 359 1496 Romana-assent,
379 1411 466 1478 cives
491 1434 561 1480 csse
579 1407 701 1490 voluit;
725 1421 796 1476 tum
817 1433 879 1504 pro
901 1410 1127 1506 cujuscunque

19 1567 20 1588 t
69 1517 196 1586 arbitrio
217 1517 352 1586 nomina
369 1529 519 1610 sumpta,
541 1527 599 1582 aut
617 1512 895 1586 nobilissimarum
913 1514 1127 1604 familiarum,

69 1649 132 1716 quae
146 1624 218 1716 jaro
236 1622 441 1708 defecerant,
455 1636 515 1692 aut
533 1644 622 1690 nova
640 1621 845 1713 excogitata,
858 1636 968 1692 vetere
986 1625 1126 1696 vocandi

70 1729 318 1814 consuetudine,
329 1753 402 1822 quae
418 1727 460 1796 ad
481 1751 520 1796 ea
539 1751 643 1818 usquc
659 1741 808 1819 tempora
823 1749 941 1820 parum
957 1743 1046 1800 certe
1062 1732 1126 1800 vio

71 1835 127 1904 lata
141 1835 400 1930 perduraverat,
411 1833 568 1928 paulatim
583 1846 697 1927 postea
709 1831 849 1902 labante.
863 1833 947 1920 Quae
959 1836 1126 1930 praecipua
1188 1883 1193 1894 -

71 1965 159 2012 caasa
181 1941 246 2012 fuit
263 1935 375 2034 (quod
400 1954 555 2035 portento
581 1937 684 2010 simile
710 1930 782 2024 est)
801 1953 839 2008 ut
865 1955 940 2032 post
964 1941 1126 2012 Caracalli

71 2061 235 2142 tempora,
251 2048 340 2116 intra
353 2047 567 2141 paucissimos
582 2069 686 2115 annos
705 2045 826 2117 horum
841 2047 1014 2119 nominum
1029 2073 1126 2134 usus,

72 2177 123 2245 per
147 2152 237 2222 mille
259 2177 364 2222 annos
390 2168 624 2235 conservatus,
650 2153 785 2222 omnino
812 2151 1007 2246 dissipatus,
1035 2169 1069 2224 et
1094 2157 1127 2224 ia

72 2283 150 2330 nova
171 2257 334 2328 vocabula
352 2258 616 2330 transformatus.
634 2261 720 2330 Nam
740 2257 829 2328 nulla
848 2258 1003 2355 deinceps
1021 2263 1126 2332 nomi·

72 2368 137 2452 nis,
152 2366 383 2460 praenominis,
401 2363 453 2434 vel
469 2365 674 2459 cognominis
692 2365 857 2436 distinctio
873 2365 1127 2452 observatam,

72 2472 121 2542 sed
148 2473 262 2542 omnia
289 2473 323 2540 in
348 2471 558 2542 fmdissimam
586 2471 771 2542 barbariem
802 2496 897 2540 versa
926 2475 1128 2567 antiquitatis

72 2580 290 2672 cognitionem
314 2580 403 2652 omni
428 2603 469 2648 ex
490 2593 584 2672 parte
605 2577 829 2672 perdiderunt.
851 2581 931 2648 Haec
949 2582 1128 2652 Panvinius

73 2683 105 2754 de
120 2687 266 2778 antiquis
279 2685 465 2754 nominibus
482 2687 723 2754 Romanorum.
745 2683 892 2756 Consule
906 2700 940 2756 et
957 2687 1129 2780 sigonium

74 2805 100 2858 rt
118 2793 282 2860 Ursinum
303 2790 347 2858 dc
365 2789 553 2861 nominibus
564 2805 599 2860 et
612 2789 743 2859 familiis
760 2792 1008 2877 Romanorum,
1022 2791 1128 2860 Vola-

73 2911 235 2966 terranum
255 2895 449 2991 Anthropol.
466 2895 649 2966 Martialem
668 2887 837 2990 (quamvis
862 2911 896 2966 et
919 2897 983 2968 hoo
1006 2901 1128 2972 Roma·

72 3003 169 3090 num)
183 3027 204 3072 a
221 3002 411 3097 parentibus
424 3017 674 3096 nuncupatum,
692 3005 760 3072 sive
778 3027 798 3070 a
812 3003 875 3072 tat.
895 3005 1044 3092 Martiis,
1060 3009 1130 3099 qui·

73 3107 128 3178 bas
145 3123 198 3178 est
216 3108 344 3191 editus,
369 3111 438 3178 sive
455 3108 620 3200 majorum
633 3109 793 3180 arbitratu
810 3110 853 3180 ob
870 3113 988 3181 Martis
1004 3111 1130 3182 cultum

73 3230 102 3283 ct
115 3217 309 3286 memoriam
329 3240 455 3284 censeo.
476 3214 645 3284 Martiales
671 3241 771 3310 porro
793 3231 908 3288 nostro
935 3233 1041 3312 poetae
1063 3218 1132 3288 fere

73 3319 210 3415 aquales
220 3319 332 3414 plures
346 3320 419 3416 lego
431 3321 519 3417 apud
534 3323 720 3415 scriptores.
733 3325 792 3390 Est
803 3322 893 3417 apud
903 3324 1132 3418 Lampriiium

73 3426 237 3522 Gargilius
256 3427 435 3511 Martialis,
453 3426 552 3522 paulo
570 3441 681 3496 tamen
704 3442 818 3499 nostro
836 3429 990 3502 Martiale
1011 3432 1132 3500 minor.

73 3533 227 3604 Celebrat
236 3535 371 3604 Tacitus
381 3533 574 3604 Cornelium
586 3533 773 3604 Martialem
788 3534 1035 3630 primipilarem.
1048 3539 1136 3608 Lau-

73 3639 127 3709 dat
147 3655 263 3710 noster
283 3639 445 3712 Martialis
462 3639 586 3708 Iulium
604 3639 792 3710 Martialem
815 3639 1009 3712 familiarem
1030 3667 1136 3714 suum.

74 3749 165 3816 Vixit
180 3745 300 3816 edem
314 3747 382 3816 fem
396 3771 467 3818 aevo
480 3749 514 3815 S.
531 3745 710 3830 Martialis,
723 3745 897 3818 Gallorum
909 3765 1138 3844 mystagogus,

77 3853 320 3922 lemovicensis
344 3853 511 3946 pontifex,
529 3855 659 3948 scriptis
675 3855 822 3947 primum
842 3857 908 3925 suis
929 3854 1141 3938 nobilitatus,
1190 3887 1194 3902 ·

76 3958 152 4027 dein
170 3962 272 4028 etiam
292 3961 451 4053 sanguine
472 3983 533 4054 pro
555 3960 681 4030 Christi
703 3963 837 4030 nomine
858 3962 995 4056 profuso
1018 3988 1141 4056 purpu-

78 4080 174 4133 ratus.
203 4065 312 4134 Notus
331 4081 428 4136 estet
446 4063 501 4134 iile
526 4067 686 4136 Martialis
707 4067 797 4161 apud
821 4068 1068 4154 Herodianum,
1088 4067 1140 4136 ltb.
