2838 4918
281 507 319 550 vr
441 483 700 550 EDlTORlS
728 483 862 550 NOVI
890 483 1176 552 PRAEFATIO.

336 643 529 711 a⁰Tertum
553 667 595 712 ex
622 643 754 736 optimis
776 643 1012 737 Manuseriptis
1042 643 1262 739 omnibusque
1284 647 1356 716 edi·

279 764 444 853 tionibus,
471 766 571 834 etiam
593 766 842 849 recentissimis,
864 767 951 834 inter
973 790 1010 836 sa
1030 764 1157 837 collatis
1175 766 1353 863 diligenter
1412 785 1413 792 ’

279 890 487 983 recognitum
501 888 766 976 emendavimus,
776 902 922 960 veterem
930 889 1130 984 ὀρθογραφίαν
1144 907 1352 986 respuentes.
1412 943 1413 954 η

277 1013 363 1080 Tum
387 1009 466 1080 Julii
492 1010 647 1107 Scaligeri
673 1010 861 1106 prrdppueu
893 1035 1035 1107 graecam
1069 1014 1352 1109 epigrammatum
1412 1041 1413 1074 t

277 1135 497 1230 quorumdam
525 1137 693 1206 contextui
714 1136 922 1231 subjecimus.
968 1188 972 1195 -

331 1255 376 1328 3⁰
386 1259 594 1330 variantium
608 1259 787 1330 lectionum
801 1259 871 1329 fere
885 1261 1033 1330 omnium
1048 1262 1276 1350 meminimus3
1290 1263 1353 1332 sed

276 1379 317 1448 de
334 1381 374 1450 iis
394 1405 470 1451 raro
485 1381 723 1475 judicavimus,
739 1407 843 1476 quum
865 1385 982 1476 saepius
1002 1383 1079 1452 sutis
1097 1383 1273 1472 indiceret,
1290 1401 1353 1454 aut

276 1503 441 1597 quantitas
455 1501 670 1597 syllabarum,
689 1517 746 1572 aut
760 1527 889 1590 sensus,
906 1527 980 1598 quse
995 1504 1104 1591 bona,
1123 1529 1197 1600 quoe
1214 1505 1353 1596 melior;

277 1626 383 1696 rarius
401 1647 481 1696 vero
496 1626 538 1696 de
556 1628 595 1696 iis
615 1626 794 1721 disputatio
814 1627 912 1698 nobis
929 1627 1078 1697 instituta
1092 1626 1164 1696 fuit

329 1753 375 1836 4⁰
389 1750 435 1818 lis
453 1750 620 1844 praeeipue
634 1751 722 1818 notis
736 1750 926 1835 minumus,
939 1769 1021 1843 quas
1035 1751 1198 1845 principio
1218 1753 1253 1820 in
1267 1752 1348 1824 edit.

268 1869 394 1942 „Gallie
420 1873 463 1940 ud
488 1893 584 1940 usum
610 1869 769 1964 Delphini
796 1870 919 1965 publici
945 1872 1028 1964 juris
1058 1872 1161 1943 factas
1185 1874 1269 1967 juris
1296 1879 1350 1945 aui

276 1994 326 2064 Cl.
350 1997 470 2090 Valpy
487 1993 579 2079 feeit,
603 1991 723 2087 quibus
740 2005 852 2062 tamen
874 2007 908 2060 et
925 1994 1103 2062 Variorum
1122 2010 1218 2066 notas
1241 2021 1348 2092 saepe,

275 2118 442 2189 interdum
461 2131 609 2204 nostras,
627 2115 846 2209 adjunximus.

330 2239 372 2314 5⁰
390 2244 625 2326 Monetam,
647 2240 833 2336 ponderum
855 2255 889 2310 et
906 2259 1136 2311 mansurarum
1152 2241 1304 2327 tabulas,
1325 2271 1345 2314 a
1412 2325 1413 2330 ἵ

275 2368 479 2438 Doctissimo
504 2367 587 2435 Viro
611 2368 807 2436 Laraouus
829 2380 983 2436 accurate
1004 2365 1190 2455 confectas,
1216 2367 1348 2441 tabulas
1412 2461 1413 2472 ἵ

274 2491 317 2562 ad
332 2490 456 2561 calcem
472 2492 570 2586 primi
584 2489 761 2560 voluminis
776 2489 945 2575 dedimus3
960 2489 1005 2558 ad
1018 2513 1100 2584 quas
1116 2511 1346 2586 saepenumnro
1412 2485 1413 2560 l

272 2615 511 2686 recurrendum
534 2615 593 2684 tihi
613 2629 681 2702 est,
699 2614 779 2684 dum
799 2613 987 2685 Martialem
1012 2612 1102 2708 legis,
1412 2603 1413 2620 *

325 2737 371 2810 6⁰
394 2719 543 2812 Iudicem
568 2739 753 2810 addidimus
779 2740 1063 2834 copiosissimum,
1093 2737 1223 2834 qualem
1252 2737 1343 2810 nulla

272 2863 444 2954 hucusque
467 2861 502 2960 in
528 2858 671 2928 editione
695 2860 838 2952 reperire
857 2872 936 2926 erat.
955 2855 1120 2954 Valpiann
1150 2855 1283 2952 quidem
1307 2859 1342 2926 in

271 2983 426 3054 Martiale
450 2982 591 3053 indicem
619 2983 722 3052 habes
747 2982 895 3052 omnium
923 3007 1043 3052 vocum
1074 2981 1193 3077 quibus
1223 2999 1343 3067 auctor

272 3131 352 3180 usus
371 3121 446 3194 est3
464 3105 522 3176 sed
536 3120 733 3202 perpetuum
752 3107 821 3176 fere
842 3107 940 3176 unica
959 3130 1025 3174 vox
1045 3120 1114 3192 est,
1131 3105 1226 3198 cujus
1247 3104 1341 3177 locus

271 3231 444 3301 indicatur.
465 3231 536 3299 Nos
562 3229 665 3318 duas,
686 3230 852 3300 interdum
877 3245 943 3300 tres
964 3254 1061 3300 voees
1085 3231 1131 3300 ita
1148 3228 1340 3323 jungimus,

271 3370 309 3428 ut
327 3355 494 3424 memorie
509 3353 607 3423 simul
621 3353 778 3425 auxilium
798 3354 968 3442 adveniat,
984 3369 1018 3424 et
1037 3353 1159 3424 laboris
1177 3353 1287 3424 minus
1305 3356 1341 3422 in

269 3476 468 3572 requirendo
485 3491 709 3548 consumatur.

568 3705 1046 3740 -ῇ--ιοοοοω--ψα
