2838 4918
260 473 323 538 ET
350 471 616 539 OPElllBUS
644 473 943 542 MARTIALIS.
1006 497 1136 543 xxxvii

74 605 233 672 Breviora
263 604 323 670 ista
352 600 441 670 dices
472 601 584 671 forsan
619 602 672 672 vel
709 603 883 672 mediocris
914 621 1000 674 notae
1034 608 1139 702 poetis

3 779 4 790 ἶ
75 707 253 802 aliquando
278 706 429 776 excidere
451 711 606 803 potuisse.
633 709 822 780 Alleramus
847 735 927 804 ergo
953 737 1026 806 quae
1046 714 1139 807 Epici

3 865 4 898 ,
75 815 231 884 cannitiis
249 812 453 908 majestatem
472 839 551 884 vere
570 817 716 910 spirant:

195 995 227 1055 Si
242 995 324 1073 cupis
338 994 446 1055 Alcidae
461 1015 636 1075 cognoscere
650 996 723 1054 lacta
738 998 859 1074 prioris,

3 1121 4 1136 κ
237 1093 340 1151 Disce:
356 1091 451 1170 libyn
467 1093 597 1165 domuit;
613 1113 701 1152 aurea
715 1113 802 1171 poma
817 1095 900 1166 tulit;

3 1139 4 1204 l
197 1190 337 1248 Peltatam
348 1188 484 1267 Scythico
496 1189 631 1248 discinxit
641 1195 788 1250 Amazona
802 1192 896 1262 nod03

237 1286 357 1344 Addidit
368 1287 496 1345 Arcadio
509 1300 588 1365 terge
600 1287 691 1346 leonis
704 1307 776 1365 apro
789 1311 796 1345 :

200 1381 365 1459 AEripedcm
377 1383 456 1440 silvis
468 1402 598 1456 cervam,
612 1383 828 1461 Stymphalidas
841 1397 926 1443 astris

240 1478 380 1536 Abstulit:
394 1500 410 1538 a
421 1481 521 1557 Stygia
532 1500 599 1538 cum
610 1501 681 1538 cane
697 1481 778 1538 venit
789 1499 874 1557 aqua.

200 1574 362 1633 Fecundam
378 1577 470 1634 vetuit
483 1577 614 1655 reparari
626 1574 769 1634 mortibus
781 1575 920 1653 hydram3

242 1673 395 1750 Hesperias
409 1679 503 1732 Tusco
517 1674 589 1732 lavit
600 1673 630 1730 in
644 1693 728 1731 amne
739 1671 837 1730 boves.

202 1771 271 1826 Haec
286 1768 381 1827 minor
396 1768 528 1828 Alcides:
545 1767 717 1846 majorque
733 1769 867 1846 gesserit,
885 1768 968 1842 audi,

240 1867 344 1922 Sextus
353 1864 390 1923 ab
401 1864 515 1924 Albane
526 1886 613 1943 quem
626 1865 696 1925 colit
707 1883 773 1924 arce
786 1865 867 1943 lapis.

202 1961 331 2018 Asseruit
343 1981 473 2040 possessa
487 1963 568 2022 malis
583 1962 702 2022 Pallatia
718 1963 829 2039 regnis;

244 2059 339 2116 Prima
353 2079 406 2118 suo
417 2061 502 2137 gessit
513 2079 568 2138 pro
579 2066 652 2118 Jove
667 2058 744 2118 bella
757 2079 846 2137 puer:

202 2155 287 2213 Solus
301 2156 394 2214 Iuleas
405 2176 495 2234 quum
505 2155 566 2233 jam
579 2159 716 2216 retineret
725 2156 854 2216 habenas

243 2252 388 2325 Tradidit,
405 2255 494 2331 inque
507 2273 560 2312 suo
577 2255 679 2312 tertius
694 2252 768 2312 orbe
782 2255 844 2312 luit.

204 2353 319 2407 Cornua
334 2351 483 2408 Sarmatici
500 2364 544 2409 ter
557 2349 668 2428 perlida
681 2349 813 2409 contudit
827 2353 909 2422 Istri;

244 2445 400 2504 Sudantem
413 2447 515 2506 Getica
531 2459 575 2504 ter
588 2445 655 2503 nive
668 2445 740 2504 lavit
755 2465 871 2523 equum.

203 2545 285 2620 Saepe
296 2557 441 2602 recusatos
452 2563 556 2622 parcus
566 2543 682 2601 duxisse
694 2542 871 2621 triumphos,

168 2679 176 2692 ,
245 2639 344 2698 Victor
359 2638 552 2718 Hyperboreo
569 2659 674 2699 nomen
691 2639 728 2696 ab
742 2637 814 2696 orbe
830 2639 904 2698 tulit.

207 2738 327 2814 Templa
340 2742 421 2808 Deo,
437 2757 534 2796 mores
548 2736 664 2816 populis
677 2735 774 2807 dedit,
787 2735 846 2793 otia
861 2736 955 2808 ferro,

247 2837 333 2892 Astra
346 2834 421 2906 suis,
435 2834 504 2893 caelo
517 2832 630 2906 sidere„
640 2845 716 2891 serta
729 2832 804 2891 Iovi.
815 2843 823 2868 ¹

86 3013 176 3078 Ecce
198 3035 288 3079 nunc
312 3011 466 3081 undecim
489 3037 619 3097 versus,
641 3036 719 3082 nam
737 3012 887 3105 quamvis
906 3009 1017 3105 plures
1039 3016 1152 3107 cupiu-

88 3141 164 3184 mus
177 3119 397 3212 exscripsisse,
412 3121 589 3187 terminum
604 3118 700 3187 nobis
713 3119 774 3212 ipsi
791 3117 950 3186 debemus
966 3119 1155 3212 imponere,

88 3221 147 3314 qui
175 3222 356 3292 Pindaricae
384 3249 520 3319 poeseos
552 3223 778 3312 altitudinem,
810 3227 898 3310 vim,
929 3222 1155 3317 majestatem,

88 3329 227 3422 igneum
244 3343 382 3398 oestrum
400 3330 546 3400 habent:

211 3512 339 3571 Auditur
351 3527 491 3591 quantum
506 3514 632 3590 Massyla
645 3532 699 3591 per
713 3513 777 3570 avia
793 3529 934 3584 murmur,

252 3613 410 3668 Innumero
424 3610 539 3687 quoties
554 3609 625 3669 silva
641 3610 725 3667 leone
741 3608 829 3679 furit,

212 3705 339 3765 Pallidus
357 3708 493 3766 attonitos
510 3707 548 3766 ad
564 3710 651 3764 Poena
667 3704 791 3782 mapalia
806 3717 906 3783 pastor

258 3807 356 3876 Quum
368 3815 486 3862 revocat
497 3816 596 3862 tauros
606 3815 636 3859 et
645 3802 706 3860 sino
719 3815 815 3860 mente
825 3821 913 3880 pecus
923 3825 931 3872 ;

216 3909 324 3962 Tantus
338 3902 367 3958 in
381 3901 508 3960 Ausonia
523 3900 640 3958 fremuit
650 3899 738 3958 modo
751 3913 846 3957 terror
860 3919 956 3957 aretia.

143 4138 167 4172 1.
177 4119 236 4170 Lih.
249 4117 305 4182 IX,
316 4115 398 4186 epigr.
408 4133 457 4168 cti.
