2838 4918
267 437 329 502 ET
357 435 617 506 OPERIBUS
645 435 951 503 MARTIALIS.
1054 459 1142 506 xx-rx

239 625 426 640 ..........
434 583 609 662 Capitolium

234 679 385 742 Sandone
398 699 463 738 cum
478 681 563 740 tacita
576 679 687 756 virgine
698 678 857 758 pontifex,¹

83 851 233 921 cecidere.
247 852 320 920 Nec
334 865 446 920 tamen
460 875 563 946 quum
579 853 706 919 viveret
724 851 793 944 ipse
808 865 842 918 et
857 851 1029 938 scriberet,
1044 855 1077 920 in
1087 853 1143 922 Al-

82 957 253 1052 lobrogum
267 956 498 1026 semibarbaris
509 957 608 1044 vicis,
617 979 680 1025 nec
692 957 727 1026 in
736 956 891 1042 urbibus,
900 971 958 1026 aut
971 958 1004 1024 in
1016 960 1142 1028 Britan·

82 1089 196 1132 norum
206 1065 412 1131 Getarumve
426 1064 592 1159 pruinosis
607 1060 720 1156 sylvis,
734 1064 884 1154 quamvis
898 1063 953 1132 hic
968 1066 1068 1132 etiam
1081 1063 1143 1158 legi

83 1170 276 1264 gloriaretur
286 1165 309 1256 ²,
325 1193 402 1237 eum
420 1167 516 1240 facile
535 1167 814 1264 assequebantur3
831 1167 1015 1238 tralucebat
1030 1168 1140 1266 limpi-

83 1275 200 1344 dissimi
215 1275 302 1342 vatis
318 1275 481 1368 genuinus
494 1299 626 1375 sensus,
639 1299 708 1342 non
725 1273 1032 1368 exsplendescebat3
1047 1290 1081 1346 et
1091 1301 1143 1346 ar·

83 1381 231 1449 ridebant
244 1394 373 1448 tantum
389 1395 535 1476 agrestes
547 1382 608 1448 viri
617 1379 659 1448 ad
669 1381 752 1462 haec,
763 1405 836 1473 quae
847 1381 994 1450 urbanos
1004 1382 1145 1476 cogebat

18 1535 19 1538 ,
84 1501 116 1555 ut
127 1486 416 1556 cachinnarentur.
430 1489 484 1554 Ita
502 1511 580 1570 nos,
597 1501 672 1582 post
690 1499 740 1556 tot
758 1485 884 1580 elapsas
899 1501 1026 1576 aetates,
1039 1513 1141 1582 quum

83 1589 236 1662 volumen
244 1593 455 1686 nugatorium
468 1591 671 1678 lacessimus,
681 1589 811 1660 modice
824 1616 1024 1680 recreamur,
1032 1609 1144 1664 otacu-

83 1699 201 1768 leatum
219 1697 387 1792 quoddam
408 1698 441 1766 in
462 1723 502 1768 eo
515 1697 684 1794 scriptore
706 1697 761 1765 vix
780 1696 1006 1792 agnoscimus,
1028 1701 1081 1768 cui
1102 1700 1145 1768 ab

84 1801 276 1900 equalibus,
290 1805 344 1872 cui
363 1804 405 1873 ab
423 1803 549 1874 aemulis
570 1805 620 1874 vis
635 1805 778 1872 maxima
797 1805 921 1898 ingenii
942 1819 974 1872 et
995 1807 1145 1896 suavissi-

84 1935 152 1980 mus
168 1908 262 2004 lepos
283 1909 538 1980 concedebatur.
561 1913 645 1998 Quae
669 1935 772 2004 quum
795 1911 840 1978 ita
865 1924 989 1998 essent,
1009 1913 1147 2006 arripuit

84 2014 212 2110 quidem
231 2014 394 2084 calamum
410 2031 646 2085 annotatorum
659 2018 736 2086 satis
751 2039 873 2110 magna
887 2017 1000 2112 copia,
1021 2033 1072 2105 et,
1090 2019 1145 2087 of·

85 2119 155 2190 ficio
174 2145 236 2190 suo
253 2119 446 2216 perstructa,
457 2138 566 2208 notas,
577 2121 707 2192 notulas
722 2136 756 2192 et
772 2121 805 2190 id
819 2147 923 2218 genus
942 2123 1026 2194 bene
1043 2124 1147 2194 multa

246 2339 414 2353 .........
421 2295 525 2353 summi
540 2295 625 2372 plena
638 2295 697 2372 jam
714 2297 843 2372 margine
855 2294 921 2354 iibri

241 2393 375 2472 Scripsit,
389 2407 418 2450 et
432 2395 461 2450 in
476 2404 573 2472 tergo,
587 2393 711 2451 necdum
725 2391 842 2464 linivit,³

85 2568 107 2634 si
129 2563 294 2658 quidquid
318 2564 562 2634 subobscurum
585 2561 788 2645 illustratura
805 2579 870 2652 est,
888 2567 915 2634 si
933 2567 1091 2660 quidquid
1114 2593 1147 2637 ru

85 2671 216 2765 ancipiti
233 2668 445 2765 explicatum.
464 2671 535 2738 Nec
555 2683 666 2738 tamen
689 2668 830 2742 multum
848 2669 991 2763 proiecit
1010 2673 1147 2744 immen—

87 2801 135 2846 sus
153 2775 273 2846 labor:
293 2775 445 2846 tenebras
468 2773 602 2869 quidem
626 2775 828 2862 discussero,
849 2775 908 2846 sed
928 2778 1024 2870 periit
1044 2782 1149 2872 gratia

86 2884 190 2952 amnis
207 2905 247 2950 ac
266 2881 376 2977 lepos;
391 2881 482 2950 haud
502 2905 596 2950 secus
616 2905 656 2950 ac
678 2883 705 2950 si
726 2883 800 2974 quis
813 2880 973 2954 Indorum
995 2886 1148 2957 tenuissi-

85 2989 143 3058 mis
156 2987 353 3058 holosericis
368 2987 480 3058 clavos
496 2985 638 3058 trabales
653 2987 806 3057 affixerit.
822 2987 954 3058 Scilicet
972 2990 1040 3060 duo
1057 3007 1150 3078 sunt,

85 3119 155 3187 quae
170 3096 329 3164 eveniunt
348 3108 386 3164 ut
403 3093 585 3189 plurimum
606 3097 640 3162 in
660 3093 817 3188 legendo,
837 3120 958 3190 nempe
981 3099 1150 3192 scriptoris

86 3215 228 3272 mentem
247 3223 381 3270 ornnem
404 3202 551 3293 assequi,
568 3200 645 3268 dein
663 3198 716 3268 vel
734 3200 881 3293 jucunde
901 3202 953 3272 vel
973 3203 1151 3295 injucunde

125 3429 146 3462 ι.
158 3410 253 3463 Horat.
263 3408 312 3462 lib.
322 3408 376 3474 111,
386 3406 503 3468 cdxxx,
514 3426 551 3462 vs.
566 3411 594 3462 8.

123 3512 146 3543 a.
156 3488 275 3543 uariat
284 3485 333 3540 lib.
344 3487 398 3538 VH
408 3527 416 3551 ,
426 3487 510 3558 epigr.
521 3505 660 3552 xxxxviii,
670 3507 708 3540 vs.
726 3505 737 3539 r
753 3506 808 3560 sqq.
820 3501 846 3540 ct
859 3487 906 3541 lib.
919 3489 978 3554 XI,
992 3490 1076 3561 epigr.

270 3620 341 3660 rum
351 3619 423 3658 habere
432 3633 497 3667 neoc,
505 3620 521 3658 si
530 3632 576 3659 um
584 3629 614 3660 cst
623 3619 673 3658 hm
683 3619 774 3666 ,libellct

296 3688 353 3726 later
361 3684 441 3726 delicies
450 3683 533 3738 pidelan
541 3683 620 3724 Vicum
631 3696 685 3729 nrm

270 3747 307 3788 lt·
315 3747 364 3801 legit
372 3750 435 3789 omnis
442 3750 472 3788 ibi
483 3751 549 3790 unior
556 3778 561 3795 .
571 3759 609 3790 cte.

276 3847 280 3854 .
289 3846 294 3856 .
302 3821 367 3858 nou·
376 3820 397 3857 in
405 3818 480 3859 Getieis
489 3821 514 3859 aa
524 3818 602 3860 Martia
609 3820 664 3873 aigun
672 3821 748 3874 pruinis

298 3891 315 3927 Δ
326 3889 390 3942 rigido
399 3889 470 3930 urim
478 3892 595 3930 auruncus
601 3891 659 3931 liber.

272 3960 349 4000 Dicitur
360 3970 380 4002 ct
388 3969 467 4002 nocuos
478 3973 556 4003 mutare
566 3963 666 4004 Britannia
675 3976 750 4002 renue.

127 4095 154 4147 3.
165 4095 229 4147 Juv.
242 4103 292 4145 sat.
305 4094 333 4154 1,
344 4112 370 4145 v.
384 4095 410 4146 δ’.
