2838 4918
251 429 369 476 xxviii
431 406 788 474 DISSERTATIO
815 408 883 475 DE
910 406 1140 476 INGENIO

303 537 442 606 Minime
454 537 524 628 jam
547 537 768 606 necessarium
786 552 869 631 puto
885 538 936 606 bis
957 533 1115 630 exemplis
1130 560 1219 605 nova
1237 539 1318 608 sub*

250 642 343 736 iungi
355 667 363 708 :
377 665 454 712 nam
464 640 567 736 liquet
574 642 668 729 satis,
684 642 774 736 quod
789 645 823 710 in
838 643 889 712 bis
904 640 1051 737 legendis
1065 641 1166 711 modo
1179 643 1320 730 accidit,

251 747 322 816 lore
344 762 383 818 ut
400 772 503 842 usque
518 763 551 818 et
569 771 673 841 usque
689 747 810 817 debinc
830 763 1022 834 renovetur,
1035 763 1070 817 et
1085 751 1319 820 caecutiturum

250 853 406 946 juvenem
425 854 459 922 in
475 853 658 924 istiusmodi
672 853 902 948 nugis,donec
921 879 1000 942 usu,
1017 854 1243 946 contuberniis
1258 881 1319 924 va·

249 961 321 1045 riis,
336 958 614 1028 ambulationibus
629 959 762 1028 tandem
773 959 943 1047 doceatur,
958 985 1031 1054 qnae
1047 960 1210 1030 advenam
1225 961 1319 1031 haud

250 1065 369 1134 callere
390 1065 502 1134 forsan
524 1063 633 1151 licuit,
654 1065 712 1134 sed
733 1065 875 1137 incolam
894 1065 1045 1136 didicisse
1065 1069 1224 1162 oportuit.

259 1218 263 1226 ·
300 1173 422 1244 Nonne
436 1172 541 1257 enim,
553 1195 681 1264 quaeso,
698 1173 863 1242 rusticitas
882 1188 915 1242 ct
932 1173 1101 1242 barbaries
1115 1173 1215 1243 estin
1230 1172 1318 1244 urbe

251 1279 401 1347 oninium
424 1278 616 1363 vanissima,
630 1276 841 1348 mobilissima
867 1294 900 1347 et
923 1277 1161 1348 levissimarum
1186 1303 1319 1363 rerum,

250 1383 340 1476 quod
361 1382 532 1452 levissimae
551 1398 643 1462 sunt,
658 1385 901 1470 amantissima,
917 1386 1059 1470 nescire,
1075 1399 1146 1454 tum
1165 1385 1316 1454 theatro-

251 1513 326 1558 rum
344 1491 493 1558 omnium
516 1490 652 1559 nomina
668 1506 700 1559 et
723 1488 817 1560 locos
834 1505 869 1558 et
890 1489 1033 1575 fabulas,
1052 1491 1321 1584 histrionumque

251 1594 518 1689 saltatricnmque
549 1595 678 1682 vultus,
701 1595 817 1680 dotes,
842 1609 990 1685 aetatem,
1009 1598 1112 1682 rixas,
1133 1611 1205 1666 tum
1230 1595 1319 1667 aedes

252 1704 375 1797 regias,
390 1701 531 1797 templa,
554 1702 795 1798 thermopolia,
814 1702 954 1790 balnea,
969 1705 1059 1786 vias,
1075 1701 1239 1796 compita,
1258 1727 1318 1771 ce-

252 1807 444 1878 leberrimos
463 1823 497 1876 et
514 1808 750 1878 famosissimos
772 1808 879 1898 locos,
897 1823 996 1902 atque
1016 1809 1166 1903 inprimis
1185 1833 1317 1896 mores,

251 1913 375 2000 cultus,
389 1912 497 1983 studia
519 1928 552 1982 et
572 1913 829 2003 oblectamenta,
850 1939 991 2008 quarum
1014 1939 1126 1984 rerum
1148 1915 1230 1983 mira
1250 1914 1318 1983 lato

251 2019 428 2090 clllorescit
444 2018 606 2088 varietas?
617 2020 719 2108 Quod
730 2022 757 2090 si
772 2021 923 2090 homines
939 2022 1103 2089 aLutetia
1118 2034 1231 2089 nostra
1249 2045 1318 2089 non

253 2126 369 2220 procul
381 2126 537 2220 degentes
550 2126 622 2194 lraec
634 2127 703 2196 fere
717 2128 828 2196 omnia
842 2141 1060 2222 praetereunt,
1072 2149 1153 2196 num
1166 2126 1237 2196 haec
1250 2125 1319 2196 cal·

251 2233 381 2319 lebunt,
392 2234 448 2327 qui
458 2233 645 2302 Thamesim
657 2247 715 2302 aut
723 2236 849 2328 Tagum
860 2247 992 2328 potant,
1004 2235 1060 2326 qui
1071 2231 1246 2327 Neapolim
1260 2247 1320 2301 aut

252 2339 454 2435 'l'etropolim
472 2336 605 2407 colunt?
617 2363 807 2434 quanquam
825 2340 879 2408 hic
898 2338 1016 2409 saltem
1035 2363 1191 2433 proceres
1205 2337 1320 2408 videas

253 2448 355 2515 nostri
372 2447 484 2515 simios
505 2459 539 2513 et
560 2447 817 2520 Galla‘ctzantes.
837 2447 872 2514 si
888 2471 949 2515 nos
968 2444 1068 2514 hodie
1087 2443 1246 2513 hodierna
1267 2443 1318 2512 la·

254 2567 340 2638 tent,
354 2577 434 2622 num
453 2565 530 2646 post
545 2576 650 2621 annos
668 2551 774 2637 mille,
785 2577 866 2620 num
884 2565 960 2646 post
974 2549 1062 2620 mille
1077 2565 1112 2620 ct
1129 2551 1318 2644 septingen-

253 2673 304 2728 tos
326 2660 485 2754 vigebunt
505 2657 559 2728 illa
581 2661 614 2725 in
634 2659 807 2726 bominum
830 2659 977 2728 omnium
1001 2654 1187 2726 memoria?

304 2763 528 2835 Revolvuntur
552 2789 642 2834 nunc
665 2764 707 2833 ad
730 2764 917 2833 Martialem
944 2777 1104 2832 nostruin.
1128 2763 1243 2831 Abeo
1269 2762 1316 2830 di-

253 2885 377 2940 stamus
401 2886 435 2940 et
458 2871 538 2940 locis
564 2869 660 2939 simul
686 2885 719 2938 et
749 2871 962 2964 temporibus.
985 2871 1078 2956 Q'uot
1101 2893 1210 2956 casus,
1236 2883 1320 2962 quot

252 2992 398 3071 strages,
423 2991 504 3070 quot
531 2976 751 3046 humanarum
781 3001 891 3044 rerum
919 2976 1036 3046 subitae
1064 2975 1262 3044 mutationes
1284 2975 1320 3042 in

252 3083 333 3152 orbe
353 3077 534 3152 terrarum!
555 3107 695 3175 quarum
723 3098 833 3154 tamen
859 3084 1002 3177 gravitas
1025 3080 1126 3152 ltalia
1151 3082 1320 3176 praecipue

250 3191 408 3259 incubuit.
431 3192 478 3258 Ut
501 3191 589 3258 enim
612 3189 653 3256 de
674 3191 793 3258 aorisia
813 3190 962 3270 omnium
986 3201 1147 3282 potestate
1171 3189 1318 3257 contice·

252 3321 340 3367 scam
350 3351 359 3381 ,
371 3295 503 3382 incolae,
516 3297 695 3391 principes,
708 3294 896 3390 reipublicae
908 3295 1026 3378 forma,
1035 3295 1178 3362 Ethnica
1191 3291 1319 3386 religio,

255 3427 364 3474 mores
378 3403 435 3472 uhi
453 3400 553 3471 sunt?
566 3416 599 3470 et
615 3427 689 3496 quae
705 3402 825 3472 horum
846 3401 955 3471 locum
976 3397 1205 3495 occupavere?
1217 3401 1319 3492 Atqui

252 3509 294 3579 de
316 3510 353 3578 iis
371 3508 475 3578 solum
496 3508 692 3603 loquebatur
710 3507 871 3578 Martialis
891 3533 964 3602 quae
982 3508 1088 3600 magis
1107 3507 1195 3574 llnxa
1211 3519 1244 3574 et
1263 3530 1318 3574 vn-

251 3617 381 3685 rintioni
402 3615 552 3684 obnoxia.
569 3615 676 3706 Quid,
696 3640 799 3710 quum
819 3613 927 3682 cailla
947 3614 1045 3682 etiarn
1068 3637 1140 3704 quaa
1158 3627 1317 3681 aeternum

250 3747 419 3810 mansura,
439 3747 513 3815 quae
532 3736 720 3815 temporum
740 3720 826 3814 fugae
846 3719 1047 3789 reluctatum
1068 3718 1279 3802 videbantur,

409 3853 567 3931 Imperium
584 3853 646 3910 sinc
662 3853 718 3910 fine
729 3861 748 3922 ¹,
761 3875 764 3882 ⁴

250 3961 281 4012 cl

293 4096 314 4129 r.
327 4076 420 4146 Virgil.
435 4073 538 4128 AEncid.
552 4075 596 4126 lib.
609 4076 634 4130 l,
647 4093 683 4125 vs.
699 4073 763 4126 283.
