2838 4918
253 402 1332 428 fflmwmmffltssmmwmmmmwuwusmwmmm

310 736 315 750 .
351 659 449 762 nn
485 663 557 762 iu.
581 631 742 768 van
783 665 1227 802 maurianis

257 923 663 1050 INGENIO
709 929 821 1047 ET
867 929 1332 1050 OPERIBUS

411 1199 1164 1357 DISSERTATIO.

540 1521 1042 1558 *ΜΒ-*ὴ

266 1700 450 1822 Nauius
478 1769 556 1812 sane
584 1768 625 1810 ex
663 1745 700 1811 iis
738 1743 794 1835 qui
828 1743 876 1809 rei
905 1740 1053 1810 literariae
1081 1743 1241 1836 primitias
1279 1743 1336 1810 vel

266 1852 420 1920 extremis
450 1847 550 1917 labris
578 1841 788 1932 delibarunt,
819 1844 980 1915 Martialis
1014 1861 1071 1915 aut
1104 1871 1246 1934 nomen,
1274 1863 1337 1916 aut

267 1957 390 2049 scripta
411 1956 625 2049 ignorantum
645 1953 702 2020 sed
730 1976 853 2046 paucos
876 1951 1055 2021 admodum
1077 1978 1146 2021 esse
1169 1977 1255 2037 reor,
1275 1955 1338 2048 qui

268 2061 466 2130 festivissimi
495 2074 601 2154 poetae
628 2054 754 2127 libellos
778 2057 1117 2144 sedulo‘evolverint‚
1140 2073 1174 2128 et
1198 2083 1240 2128 ex
1265 2059 1339 2128 istis

270 2169 444 2262 pauciores
466 2167 523 2259 qui
541 2165 684 2261 probent
705 2179 739 2232 et
757 2163 899 2233 libenter
921 2180 1080 2259 repetant.
1097 2164 1259 2234 Videmus
1280 2179 1338 2234 ta-

271 2298 348 2340 men
363 2271 559 2366 quibusdam
576 2265 610 2340 et
620 2285 770 2340 veterum
786 2285 820 2339 et
834 2270 1055 2340 recentiorum
1074 2269 1341 2364 frequentissime

272 2376 412 2447 Bilbilici
428 2379 531 2446 nostri
545 2391 578 2444 et
596 2402 753 2446 numeros
767 2391 801 2444 et
820 2374 903 2446 sales
924 2402 990 2444 non
1013 2377 1113 2445 modo
1132 2402 1200 2446 non
1218 2375 1339 2474 displi-

273 2487 397 2570 cuisse,
418 2483 475 2553 sed
494 2485 528 2552 in
544 2483 668 2579 pretio,
690 2481 799 2552 sedin
819 2481 942 2551 deliciis
962 2482 1204 2576 propemodum
1226 2482 1339 2552 fuisse.
1408 2477 1409 2480 ¹

273 2589 376 2680 Quod
396 2605 433 2658 ut
454 2590 526 2658 haec
541 2588 724 2682 legentibus
743 2587 948 2684 approbem,
969 2613 1036 2658 non
1058 2589 1159 2684 ipsius
1176 2587 1342 2658 Martialis
1408 2617 1409 2620 ¹

274 2697 462 2766 testimonia
473 2697 626 2792 arripiam
638 2721 645 2762 :
658 2719 758 2790 quem
770 2697 857 2763 enim
871 2719 1008 2788 usquam
1021 2695 1179 2783 invenies,
1190 2696 1251 2763 etsi
1265 2697 1343 2764 sirn-

275 2802 397 2898 plicem
415 2800 537 2894 alioqui
555 2817 589 2870 et
603 2801 781 2870 candidum
804 2802 931 2887 virum,
950 2803 1000 2870 sui
1017 2800 1144 2894 justum
1161 2802 1342 2870 aestimato·

279 2907 455 3002 remlquis
470 2909 668 3000 praesertim,
685 2908 712 2976 si
725 2905 907 2992 calamum,
925 2909 951 2976 si
966 2906 1069 3001 lyram
1084 2906 1135 2975 vel
1155 2931 1222 2975 uno
1236 2905 1342 3002 digito

278 3015 441 3107 attigerit,
456 3037 518 3081 nec
535 2995 682 3080 rlaeniolis
704 3015 771 3081 suis
792 3013 897 3098 lavet,
915 3038 977 3081 nec
996 3013 1118 3106 ingenii
1139 3012 1251 3082 sibiet
1270 3012 1342 3106 glo-

279 3121 334 3188 riae
360 3118 433 3214 plus
454 3116 694 3212 aliquantulum
718 3119 907 3213 auspicatur
927 3143 1027 3212 quarn
1051 3132 1109 3187 aut
1130 3132 1344 3211 assequutus,

278 3241 337 3294 aut
345 3221 708 3319 assequuturusestlrlt
716 3226 749 3292 in
759 3238 915 3320 promptu
926 3227 1136 3318 antiquorum
1145 3225 1228 3293 benc
1238 3223 1343 3292 multa

279 3333 467 3401 testimonia
495 3345 583 3398 sunt.
606 3331 693 3400 Nam
716 3329 903 3400 Martialem
927 3331 970 3398 ab
993 3333 1145 3399 acumine
1167 3331 1289 3423 ingenii
1310 3344 1345 3398 et

282 3438 456 3507 dicacitate
477 3435 590 3504 laudat
607 3434 729 3505 Plinius
751 3436 899 3524 minor¹,
917 3437 1123 3506 acutissimus
1143 3437 1213 3530 ipse
1234 3450 1268 3504 et
1288 3435 1340 3504 di·

282 3544 471 3614 cacissimus
492 3543 646 3637 scriptor,
662 3545 718 3634 qui
738 3541 950 3635 epistolarum
971 3567 1104 3611 suarum
1122 3540 1233 3626 libris,
1250 3541 1343 3610 llon'-

283 3651 345 3720 dus
370 3673 512 3744 semper,
532 3647 700 3741 elegantiae
723 3661 757 3716 et
779 3650 935 3742 argutiae,
961 3652 987 3717 si
1015 3674 1082 3717 non
1112 3649 1227 3731 nimis,
1255 3662 1346 3716 certo
1408 3673 1409 3738 i

282 3757 413 3826 abunde
439 3757 516 3825 satis
543 3756 670 3849 sparsit.
693 3757 802 3840 Item,
827 3753 989 3823 referente
1011 3751 1222 3848 Spartian0,²
1245 3752 1345 3822 tradi-

328 3984 351 4016 1.
367 3962 445 4014 Plinii
457 3963 544 4014 Crecil.
557 3963 603 4014 lib.
615 3961 670 4023 Ill,
683 3963 757 4033 epist.
774 3961 874 4014 ultima.

327 4063 350 4093 a.
366 4043 476 4111 Corpus
487 4041 586 4092 Histor.
599 4041 708 4110 August.
721 4041 747 4092 in
760 4041 810 4092 AEl.
820 4041 886 4094 Ver.
898 4041 963 4094 Cres.
1057 4051 1059 4056 '
