2838 4918
289 385 354 451 ΕΤ
381 382 657 454 OPERIBUS
684 383 988 452 MARTIALIS.
1109 405 1170 450 xm

17 493 20 634 Ι
89 493 124 582 ii
146 513 311 610 ἄνθρωπε,
329 516 390 610 ἐγὼ
409 517 509 608 Κῦρος
531 513 607 608 εἰμὶ,
625 521 642 582 ὀ
660 517 716 590 τὴν
737 516 834 608 ἀρχὴν
859 521 923 592 τοῖς
944 514 1076 607 Πέρσαις
1102 538 1170 580 κτι-

88 624 233 714 uiperae
263 619 314 688 καὶ
333 629 391 699 τῆς
410 609 505 699 deinc
531 623 698 705 βασιλεύς·
722 622 764 713 μὴ
786 623 820 688 οὐ
843 619 991 712 φθονήσῃς
1012 627 1069 686 τοῦ
1089 623 1168 711 μνή-

91 752 222 815 ματος·
245 740 283 795 ut
302 724 516 822 Sardanapali
529 752 538 795 :
551 727 671 820 Τάρσον
689 753 724 794 τε
745 724 797 794 καὶ
815 713 972 820 ininius
994 728 1050 817 μιᾷ
1070 725 1169 816 ἡμέρᾳ

90 835 160 925 ἐγὼ
175 833 303 919 laena,
317 843 367 900 νῦν
384 823 419 899 δὲ
437 832 570 906 τέθνηκα
586 859 593 901 :
611 831 807 926 plerumque
821 846 931 900 autem
951 830 1116 914 versibus,
1132 843 1170 896 ut

17 983 18 996 ι
92 937 332 1006 Simonideum
350 939 568 1032 epigramma,
583 962 650 1032 quo
664 935 808 1031 Casmyli
822 936 945 1006 Rhodii
959 961 1098 1020 nomen,
1111 959 1168 1030 pa·

92 1045 220 1128 triam,
238 1057 366 1136 patrem
385 1059 419 1112 et
437 1045 585 1113 victoriae
606 1043 716 1113 locum
739 1067 778 1115 ac
799 1067 903 1137 genus
921 1043 1095 1138 exprimit:

222 1202 296 1261 Fines
308 1211 362 1274 τίς,
372 1211 435 1270 τίνος
451 1211 520 1274 leci,
530 1211 593 1272 τίνος
606 1205 744 1280 πατρίδος,
756 1205 812 1263 ride
825 1213 902 1276 νυιῇς.

264 1289 396 1359 xanguine
410 1290 548 1359 Εὐαγόρου,
560 1291 657 1352 Πύθια,
671 1289 736 1354 πὺξ,
749 1278 862 1348 idduae-¹

95 1431 205 1518 Quod
223 1432 270 1499 sic
289 1432 409 1500 Latine
430 1455 627 1501 conversum
647 1447 718 1500 est:

222 1585 277 1642 Dic
289 1586 355 1662 quis
368 1605 412 1658 es,
426 1598 454 1643 et
467 1585 564 1660 cujus,
576 1604 641 1663 quae
655 1584 768 1662 patria,
780 1585 932 1662 palmaque
949 1605 1061 1663 puguae.

260 1681 410 1757 Casmylus
421 1685 576 1761 Evagorae,
588 1679 705 1758 Pythia,
721 1681 815 1752 lucta,
826 1680 956 1740 Rhodos.

96 1841 143 1906 At
156 1862 238 1907 mox
252 1841 287 1908 in
298 1837 401 1908 libros
414 1835 610 1910 translatum
626 1854 676 1909 est
689 1841 913 1934 epigramma,
925 1841 969 1909 ita
987 1855 1023 1909 ut
1040 1841 1074 1908 in
1090 1863 1166 1908 ver-

96 1967 198 2012 suum
216 1960 250 2013 et
267 1959 435 2016 structura
450 1961 484 2015 et
497 1947 643 2015 numeris
664 1945 903 2040 aliquantulum
923 1970 1011 2018 eune
1023 1947 1092 2040 jam
1112 1947 1166 2015 in-

97 2065 269 2120 sumerent
283 2037 691 2147 Επιγραμματολογοῦντες,
706 2076 813 2147 neque
831 2051 974 2122 illustres
989 2054 1094 2138 viros,
1110 2065 1168 2121 aut

96 2155 258 2251 praeclare
274 2171 366 2251 gesta
383 2158 490 2228 solum
507 2157 672 2246 dicerent,
686 2158 744 2227 sed
759 2162 872 2228 omnia
885 2183 958 2253 quae
970 2156 1166 2254 colloquen-

97 2263 183 2330 tium
195 2265 379 2332 amicorum
400 2263 514 2334 mobili
532 2263 664 2333 levitate
677 2289 826 2359 percurri
845 2279 879 2334 et
894 2267 1072 2360 perstringi
1090 2290 1165 2360 pos·

98 2381 195 2454 sunt,
211 2399 228 2433 u
253 2369 430 2440 fortissima
459 2386 493 2440 et
519 2363 730 2465 ignavissima
753 2371 862 2459 facta,
889 2370 1112 2465 pulcherrima
1133 2385 1166 2440 et

97 2476 310 2568 turpissima,
329 2475 561 2546 absurdissima
580 2492 613 2547 et
633 2480 820 2573 aptissima,
842 2476 1031 2547 stultissima
1059 2493 1093 2546 et
1115 2503 1165 2546 sa-

98 2581 319 2674 pientissima,
338 2587 478 2652 maxime
501 2583 639 2653 ridicula
661 2597 695 2652 et
712 2581 950 2671 lamentabilia,
975 2585 1112 2652 minima
1132 2597 1166 2652 et

101 2687 261 2774 maxima,
277 2690 386 2782 prima
404 2704 438 2760 et
459 2695 623 2775 extrema,
645 2703 747 2776 artes,
769 2688 923 2776 fraudes,
942 2703 1080 2758 eventus
1101 2689 1164 2763 hu·

101 2793 211 2877 mani,
229 2792 341 2862 divina
354 2809 388 2864 et
400 2793 613 2864 naturalia».
625 2799 705 2864 Haec
718 2797 821 2890 igitur
832 2809 901 2865 tam
913 2793 1032 2883 multa,
1047 2809 1080 2864 et
1097 2809 1165 2863 tam

101 2895 270 2993 multiplex
286 2901 473 2994 ingenium,
487 2916 556 2970 tam
570 2899 784 2996 multiplicem
801 2901 921 2996 stylum
934 2927 1088 2998 passura,
1104 2903 1163 2969 im·

102 3028 156 3073 mo
167 3003 389 3098 postulatura,
400 3009 483 3076 varii
497 3009 588 3076 varie
602 3010 767 3094 cecinere,
781 3007 836 3076 alii
850 3009 1006 3094 breviter,
1021 3008 1164 3104 lougius·

104 3108 174 3180 cule
194 3109 266 3197 alii,
288 3112 408 3182 similes
426 3127 538 3182 nmen
561 3115 612 3195 sui
635 3115 669 3182 in
688 3114 774 3200 hoc,
799 3114 889 3208 quod
909 3114 1040 3183 ultimas
1065 3138 1164 3184 voces

102 3240 167 3284 nou
180 3216 358 3311 impensius
373 3235 542 3306 curarent,
555 3243 655 3313 quam
665 3245 738 3314 quae
750 3221 1045 3314 premittebautur,
1059 3244 1166 3314 neque

102 3322 250 3391 aculeum
265 3323 370 3393 ullum
387 3323 541 3394 clausulae
557 3325 599 3394 de
617 3323 753 3395 consilio
767 3325 936 3416 adderent.
951 3329 1066 3418 Quum
1085 3351 1165 3396 vero

104 3430 269 3497 materiam
284 3455 423 3525 operum
439 3456 575 3500 suorum
592 3431 753 3502 haberent
767 3434 811 3502 ita
829 3426 1165 3527 incircumscriptam,

104 3531 231 3604 aliunde
252 3538 406 3606 carminis
429 3562 533 3632 genus
554 3538 695 3607 liberum
717 3554 752 3608 et
770 3537 941 3627 versatile,
964 3538 1165 3635 elegiacum,

104 3638 329 3734 phaleucium,
349 3644 548 3732 iambicum,
580 3645 827 3730 scazouticum,
862 3643 1038 3740 aliquando
1066 3647 1166 3714 etiam

105 3746 269 3816 heroicum
291 3740 411 3836 (nam,
437 3765 475 3818 ut
495 3753 587 3828 αὐτὸς
604 3753 681 3840 ἔφη,

146 3973 166 4006 r.
175 3946 287 4024 Ᾰνθολογ.
299 3953 367 4008 Βιὸλ.
381 3963 410 4008 Γ.
423 3975 476 4026 sap.
489 3950 527 4022 β’.

17 4015 24 4242 ι
146 4031 626 4100 ².Raderus,Prolemmat.udMa1-t.
638 4054 695 4108 cap.
708 4043 733 4098 4.

17 4281 23 4452 l
