2838 4918
266 457 295 503 rr
592 436 844 504 EDITORIS
871 437 1004 507 NOVI

315 597 394 663 Haec
417 593 568 688 equidem
590 617 671 662 vera
690 591 792 662 nolim
823 593 958 663 diffiteri
975 619 982 662 :
1000 617 1217 688 quanquam,
1243 601 1335 692 quod

260 715 469 794 obscuritatis
496 741 629 786 causam
658 741 726 788 non
754 718 931 812 perspicias
958 731 992 785 et
1018 720 1187 812 assignes,
1214 745 1256 788 ex
1292 747 1335 790 eo

260 865 328 908 nou
346 841 494 933 sequitur
509 840 695 910 necessario
715 842 819 910 inesse
837 841 1093 926 obscuritatem3
1109 865 1236 937 neque,
1251 843 1333 914 dum

259 987 296 1030 re
324 986 403 1046 vera
429 963 659 1031 immorabitur
689 963 806 1056 saepius
834 977 868 1031 et
888 963 1051 1042 haesitabit
1073 966 1130 1057 qui
1156 963 1334 1059 legendum

259 1088 445 1163 Martialem
464 1085 645 1179 suscipiet,
659 1084 734 1178 jure
755 1085 897 1170 dixeris,
919 1110 981 1154 nec
1004 1087 1248 1156 immorandum
1265 1115 1332 1158 un·

258 1237 358 1310 quam
376 1233 462 1296 esse,
487 1233 549 1277 nec
567 1207 798 1278 haesitandum.
815 1208 879 1277 Sed
900 1233 942 1276 uc
963 1207 1060 1303 plura
1075 1211 1109 1278 in
1124 1212 1236 1298 irrito,
1259 1237 1334 1282 cam

256 1359 390 1406 causam
403 1327 498 1402 facile
512 1333 657 1426 reperire
672 1347 738 1414 est,
750 1355 823 1425 quae
838 1333 946 1401 minus
961 1335 1153 1428 perspicuos
1163 1336 1336 1429 Epigram-

256 1459 386 1530 matarii
406 1457 613 1550 nostrijocos
627 1455 822 1551 stupefacit,
839 1454 1022 1528 dummodo
1035 1456 1150 1527 scdulo
1166 1461 1335 1547 excutias,
1407 1471 1408 1484 ¹

256 1600 289 1653 et
310 1579 406 1677 quale
429 1582 472 1652 sit
496 1579 576 1650 illi
567 1581 691 1675 mgenii
714 1604 834 1675 genus,
860 1595 894 1649 et
915 1580 1035 1676 quibus
1060 1581 1228 1676 ingenium
1252 1582 1332 1652 illud

256 1731 353 1776 suum
371 1697 537 1800 applicare
559 1705 778 1773 consueverit.

306 1829 456 1923 Nempe,
479 1840 517 1895 ut
542 1825 643 1894 facies
667 1839 701 1894 et
726 1839 853 1902 statura
874 1826 1069 1911 hominum,
1097 1829 1142 1896 ita
1161 1793 1329 1923 ingenium

254 1950 427 2046 multiplex
438 1947 606 2044 quoddam
625 1961 659 2016 et
673 1949 803 2016 varium
820 1962 878 2017 est.
898 1951 1013 2034 Atre,
1031 1951 1066 2016 iu
1083 1949 1290 2046 multiplices
1298 1970 1332 2022 et
1407 2003 1408 2008 κ

253 2100 359 2172 prope
387 2076 601 2157 innumeras,
631 2071 722 2165 quod
749 2073 864 2158 aiunt,
894 2071 1112 2166 specialitates
1139 2077 1164 2144 si
1196 2076 1331 2171 degredi

253 2200 433 2283 acciderit,
460 2194 574 2265 nihil
563 2219 633 2290 Jam
663 2211 866 2281 secernatur,
886 2210 921 2264 et
945 2214 1145 2268 evanescant
1173 2202 1330 2296 praecipui

225 2395 234 2412 ‚
252 2334 434 2431 χαρακτὴρ
397 2349 458 2417 per,
473 2318 594 2416 duplex
609 2333 738 2388 tantum
754 2321 876 2415 ingenii
893 2345 996 2414 genus
1011 2321 1233 2416 distinguitur.
1243 2323 1330 2394 Illud

221 2425 260 2538 ,i
252 2429 437 2559 uigelsltm,
453 2425 638 2570 dttua'ituiu·
642 2457 704 2558 {el
721 2441 876 2530 sublime,
896 2443 963 2512 «nil
982 2469 1124 2539 parvum
1141 2461 1198 2515 aut
1214 2447 1328 2516 humili
1407 2479 1408 2514 2

253 2533 378 2682 modrif
393 2543 438 2638 riil
441 2552 633 2669 uiuitule’
610 2595 627 2633 r>
641 2541 759 2655 donat3
780 2565 920 2636 alterum
919 2585 1112 2674 argutum,
1130 2569 1318 2658 subtile,
1288 2597 1330 2640 vr-

252 2669 395 2764 viduis*
380 2673 597 2788 lepidissimi
621 2693 807 2780 acuminis,
833 2651 1046 2786 rapidissimae
1077 2695 1230 2787 nequitiae
1256 2695 1331 2788 plus
1407 2681 1408 2744 ss

253 2773 363 2926 tullii
380 2791 430 2900 Illi
439 2803 556 2954 placet
570 2839 673 2924 regna
686 2830 720 2884 et
737 2839 849 2911 reges,
870 2817 1048 2910 magnifice
1064 2833 1174 2911 gesta,
1193 2842 1330 2913 magnas

253 2901 379 3012 cladei'
381 2921 587 3034 gravissiiria
591 2962 673 3007 voce
695 2937 802 3032 loqui,
822 2938 902 3007 huie
920 2961 1000 3006 vero
1019 2963 1038 3006 e
1054 2942 1190 3008 summis
1209 2943 1242 3010 in
1263 2945 1330 3012 ima

254 3089 346 3160 quast
339 3061 572 3132 desultatoria
586 3085 696 3155 penna
704 3059 860 3148 volitare
874 3075 908 3128 et
921 3059 1004 3130 sales
1013 3085 1183 3158 spargere,
1195 3079 1228 3133 et
1241 3064 1328 3134 face·

254 3189 334 3273 tias,
355 3201 389 3254 et
406 3187 510 3280 jocos.
529 3187 694 3256 Homerus
714 3201 748 3254 et
763 3185 894 3278 Tragici
916 3200 950 3252 et
967 3184 1228 3280 Dithyrambicae
1244 3215 1329 3284 poe·

165 3323 174 3334 '
254 3335 327 3380 scos
355 3310 509 3404 princeps
534 3307 695 3378 Pindarus
718 3307 774 3376 illo
795 3305 968 3396 claruere3
990 3309 1055 3378 hoc
1076 3311 1328 3408 Σατυρογράφους

254 3449 288 3505 et
305 3433 479 3518 Comicus,
502 3433 568 3502 hoo
592 3431 848 3526 Aristophanem
869 3446 903 3500 et
919 3435 1105 3505 Luciauum
1128 3435 1218 3530 apud
1240 3439 1329 3507 Grae·

255 3581 329 3640 cos,
352 3553 499 3625 initalia
520 3553 672 3626 Plautum
695 3569 729 3624 et
748 3553 954 3644 Martialem,
975 3557 1230 3629 commendarit.

310 3683 351 3749 dt
366 3679 437 3750 haec
451 3679 492 3750 de
508 3679 629 3773 quibus
643 3678 815 3771 jocamrn,
829 3677 938 3773 qualia
955 3705 1026 3750 esse
1039 3705 1128 3752 nuuc
1146 3684 1328 3776 putemus?

258 3803 388 3874 Scilicet
403 3829 456 3872 res
471 3804 547 3872 vitae
564 3801 745 3870 levissimas
758 3816 791 3871 et
809 3804 1060 3891 minutissimas,
1074 3821 1113 3875 ut
1128 3807 1268 3878 civitatis
1284 3812 1325 3876 ri·

257 3925 356 3996 diculi
374 3951 498 4012 mores,
520 3925 660 3993 vestium
679 3924 786 3994 formu
802 3941 837 3994 et
855 3925 963 4015 color,
983 3927 1170 3999 convivales
1191 3955 1328 4025 appara·
1407 4003 1408 4010 χ

258 4067 325 4133 tus,
348 4050 516 4118 amatoriae
542 4049 716 4140 nequitias,
745 4048 878 4145 religio,
903 4052 1002 4136 aedes,
1026 4051 1112 4140 ludi,
1139 4054 1205 4122 doli
1233 4071 1266 4124 et
1291 4058 1325 4124 id
