2838 4918
92 457 1125 488 mmmmmmmmssffut
1128 467 1160 486 Ἃ

93 728 461 835 EDITORIS
501 728 699 835 NOVI
735 731 1149 843 PRAEFATIO.

538 999 721 1027 ...qo-...-

93 1169 174 1284 Ao
195 1215 400 1308 optimorum
423 1209 577 1280 codicum
599 1209 698 1280 fidem
721 1211 934 1300 emendatus,
958 1221 1157 1312 optimarum

90 1335 336 1404 annotationum
352 1335 468 1428 copia,
486 1347 647 1427 quantum
670 1331 742 1401 lieri
761 1335 886 1428 potuit,
907 1335 1103 1429 illustratus,
1119 1369 1158 1416 ac

90 1459 245 1550 pertinaci
262 1454 454 1550 explanatus
468 1453 656 1550 diligentia,
676 1479 718 1522 en
736 1455 848 1526 denuo
868 1458 981 1551 prodit
999 1464 1033 1530 in
1050 1462 1157 1534 lucem
1186 1443 1190 1449 Ι

90 1583 360 1674 epigrammatum
381 1603 530 1648 summus
548 1577 666 1648 artifex
683 1577 855 1648 Martialis.
873 1581 941 1669 Qui
959 1583 1090 1676 quidem
1109 1603 1159 1658 tot

91 1717 118 1770 et
136 1702 271 1774 tantillis
297 1699 464 1798 opusculis
486 1703 556 1772 suis
576 1699 705 1796 qualem
726 1715 760 1770 et
780 1717 947 1796 quantam·
962 1706 1023 1774 sibi
1042 1711 1159 1782 merito

91 1824 221 1918 gloriam
237 1826 404 1896 vindicare
413 1825 534 1920 possit,
547 1849 655 1918 neque
666 1825 722 1894 hic
735 1824 993 1920 disputabimus,
1006 1847 1040 1900 et
1050 1833 1158 1904 decla·

92 1971 155 2018 rare
168 1973 415 2046 supervacuum
434 1949 506 2018 sine
523 1949 749 2018 controversia
769 1948 878 2018 foret:
895 1953 952 2021 scd
971 1954 1158 2028 admonitos

90 2065 220 2146 lectores
233 2075 403 2163 volumus,
420 2099 439 2142 e
456 2073 651 2144 Latinorum
667 2089 839 2168 poetarum
858 2075 1069 2150 multitudine
1081 2107 1158 2178 pau-

90 2221 138 2266 cos
155 2198 337 2269 admodum
362 2221 433 2266 csse
456 2221 540 2292 quos
571 2198 676 2290 magis
697 2197 739 2266 sit
766 2202 988 2270 necessarium
1012 2207 1101 2274 notis
1122 2222 1157 2276 et

90 2319 351 2417 interpretatione
362 2320 456 2415 quasi
468 2333 628 2414 perpetua
641 2317 812 2413 explicari,
825 2345 866 2390 ne
882 2319 1059 2416 legentium
1077 2327 1155 2422 plu·

91 2443 179 2516 nmos
196 2447 361 2542 genuinus
381 2468 496 2514 sensus
516 2457 574 2512 aut
593 2442 686 2512 tarde
707 2442 938 2530 officiumst·
950 2451 1156 2553 ommnoffif:

90 2565 191 2661 fngiat.
204 2572 250 2638 Et
266 2567 346 2637 illud
360 2566 509 2662 quidem,
525 2567 552 2636 si
563 2567 636 2661 quis
649 2591 789 2660 usquam
807 2554 966 2652 eruditior
978 2570 1096 2676 simul,
1105 2589 1154 2644 at·
1223 2553 1227 2574 Ι

91 2717 144 2785 que
163 2693 336 2765 delicatior
357 2695 391 2762 in
409 2691 591 2786 judicando
612 2681 758 2777 vir,ille
779 2672 1154 2784 nobiscrlipklatebituu

92 2816 138 2885 sed
163 2818 196 2888 id
223 2843 288 2913 qua
312 2818 440 2888 ratione
462 2841 534 2886 esse
556 2816 678 2910 possit,
696 2814 830 2910 quidam
849 2798 1152 2920 semianimem:

92 2963 185 3036 neque
208 2943 297 3014 enim
313 2943 351 3012 iis
367 2941 456 3010 vitiis
472 2937 658 3010 Martialem
675 2932 827 3008 laborare
842 2916 974 3026 diliciis,
988 2967 1063 3037 quae
1077 2947 1156 3014 sub·

92 3067 239 3140 obscuros
259 3093 407 3166 persaepe
427 3083 543 3163 poetas
563 3067 714 3138 efficiunt
728 3093 738 3154 ;
752 3068 875 3162 quippe
897 3069 954 3163 qui
972 3047 1079 3164 neque
1099 3073 1157 3142 ob·

93 3190 198 3264 soletas
225 3207 259 3262 et
286 3193 437 3286 antiquas
459 3207 492 3260 et
514 3191 633 3262 merito
654 3191 857 3282 antiquatas,
880 3205 937 3258 aut
960 3215 1074 3281 voces,
1097 3210 1155 3264 aut

92 3311 234 3412 loquendi
246 3315 470 3404 formulas,ut
480 3289 899 3408 Plautus,habeat;neque
911 3330 1084 3413 autasper,
1095 3335 1154 3390 aut

92 3440 205 3530 audax,
226 3458 285 3512 aut
302 3467 434 3537 pressus
455 3442 554 3510 nimis
576 3442 609 3509 in
630 3438 854 3509 construendo
871 3439 935 3524 sit,
956 3441 1077 3534 quibus
1099 3447 1154 3512 nix

93 3547 277 3657 Aquinatem
294 3565 588 3660 satyrographum,
606 3575 663 3632 aut
684 3563 876 3648 Horatium,
898 3577 956 3632 aut
978 3563 1152 3636 sublimem

92 3684 252 3776 Tacitum,
278 3689 452 3758 miratores
482 3709 647 3782 quemque
676 3686 749 3766 sui,
785 3683 962 3754 identidem
1002 3687 1152 3758 absolve·

94 3807 168 3896 n'nt;
189 3835 317 3905 neque,
339 3825 376 3880 ut
398 3808 553 3902 Delphici
575 3821 608 3876 et
628 3805 777 3899 Sibyllini
800 3805 959 3901 Apollinis
980 3807 1152 3880 emulator

94 3931 230 4022 Persius,
254 3933 407 4004 tenebras
427 3947 461 4001 et
483 3931 656 4024 caliginem
679 3931 830 4000 versibus
857 3932 923 4000 suis
945 3947 1063 4024 sponte
1085 3937 1152 4006 cir-

95 4032 238 4128 culndare
259 4056 425 4128 moliatur.

140 4186 163 4247 Ι,
954 4201 972 4242 a
