2838 4918
266 461 333 506 vrn
608 441 678 506 AD
706 441 984 510 LECTORES

263 595 346 664 que,
374 583 412 636 ut
437 569 551 636 missos
580 591 638 636 eos
665 567 801 668 faciam,
823 573 880 662 qui
901 569 1067 640 theatrum
1097 572 1334 666 ingrediuntur

263 690 404 759 tantum,
416 689 453 743 ut
466 687 599 760 exeant,
611 697 669 742 seu
684 672 825 744 aliorum
840 677 1049 770 praejudicio,
1063 703 1121 748 seu
1137 679 1259 749 fidncia
1278 685 1333 750 sui

261 782 399 852 audiunt
423 779 531 850 solum
552 779 642 874 quod
665 794 821 874 carpant,
839 805 946 876 neque
971 797 1038 851 tam
1065 799 1204 854 utuntur
1226 783 1332 857 literis

263 913 361 983 quam
377 886 574 967 abutuntur,
589 886 624 953 in
639 885 734 954 verbi
749 887 846 955 unius
860 902 918 957 aut
933 885 1068 958 alterius
1083 889 1248 960 calumnia
1264 917 1333 961 ma-

261 993 330 1064 lum
351 1007 503 1078 struunt,
524 1016 591 1086 qno
608 995 725 1060 Poctas
744 993 778 1060 in
796 992 953 1062 invidiam
972 1009 1094 1066 vocent
1111 1022 1119 1063 :
1141 1011 1212 1066 tum
1231 997 1331 1066 deni-

259 1126 323 1197 que
351 1125 386 1170 se
406 1098 560 1168 Platonas
586 1112 621 1165 et
641 1097 852 1170 Aristarchos
872 1101 957 1185 rati,
979 1102 1006 1168 si
1031 1099 1145 1182 alienas
1168 1102 1333 1174 insultent

259 1206 367 1295 laudi,
388 1219 491 1298 utque
510 1193 623 1281 ἅποδες
641 1201 778 1273 aviculae
795 1229 905 1274 ramos
927 1205 1084 1274 arborum
1092 1206 1114 1290 ,¹
1135 1209 1182 1278 sic
1202 1206 1248 1276 illi
1265 1209 1331 1278 hu-

259 1339 367 1382 meros
387 1311 551 1380 bonorum
571 1308 745 1396 affectent,
766 1309 854 1379 unde
876 1311 1050 1380 emineant.
1070 1312 1155 1400 Alii,
1176 1314 1332 1386 homines

258 1422 375 1515 ignava
398 1441 500 1511 opera
526 1428 626 1509 atque
656 1414 765 1483 servili
791 1417 970 1502 sententia,
996 1407 1175 1511 δοξόσοφοι,
1199 1419 1329 1514 pedarii

256 1525 384 1618 jndices
400 1537 433 1591 et
446 1547 488 1591 ex
502 1520 643 1590 aliorum
659 1545 717 1590 ore
734 1519 886 1615 penduli,
900 1520 1032 1591 illorum
1050 1522 1204 1593 velificati
1218 1541 1332 1596 aucto·

258 1632 364 1716 ritati,
375 1628 584 1722 subjudicant
599 1629 710 1721 potins
726 1652 826 1721 quam
837 1627 1063 1722 praejudicant
1083 1628 1146 1698 Alii
1164 1631 1270 1700 barba
1286 1647 1331 1702 te·

259 1762 323 1806 nus
333 1736 423 1806 docti
433 1788 443 1822 ,
452 1736 547 1828 piceo
561 1758 679 1826 graves
689 1732 801 1826 pallio,
813 1734 871 1802 ubi
882 1758 903 1802 a
916 1737 1028 1803 rastris
1039 1735 1081 1804 ad
1091 1738 1213 1804 Rostra
1227 1750 1333 1808 trans·

260 1842 448 1926 cenderint,
464 1841 598 1932 jamque
628 1852 757 1908 ostrum
784 1841 948 1908 somniare
973 1843 1060 1921 ansi,
1083 1866 1227 1911 vacuum
1252 1842 1331 1938 plus

261 1950 363 2017 nimio
392 1947 550 2014 verticem
580 1946 666 2012 inter
690 1959 780 2013 astra
806 1944 1032 2032 condiderint,
1051 1947 1220 2017 Mercurio
1250 1974 1331 2020 cum

260 2050 445 2147 Philologia
468 2075 545 2135 sua,
565 2073 664 2143 quam
688 2051 766 2145 quia
790 2076 832 2120 ne
854 2051 1054 2144 primoribus
1074 2053 1206 2148 quidem
1232 2053 1338 2126 labiis·

259 2158 449 2254 praelibasse
475 2157 513 2226 iis
538 2157 697 2250 contigit,
721 2157 810 2226 bona
836 2182 903 2227 non
928 2156 1046 2228 dieunt
1076 2160 1199 2247 verba,
1225 2163 1331 2232 immo

260 2267 416 2334 nuntium
438 2263 629 2348 remittunt,
646 2261 834 2356 Apollinem
857 2276 891 2331 et
908 2265 1044 2350 Musas,
1061 2289 1144 2358 quas
1167 2267 1244 2359 quia
1267 2268 1331 2338 illis

259 2395 301 2440 ne
316 2395 336 2438 a
352 2369 464 2440 limine
480 2368 613 2462 quidem
632 2367 789 2438 salutasse
807 2368 923 2438 datum
942 2384 1008 2455 est,
1025 2368 1243 2442 eliminandos
1261 2374 1330 2444 cla·

260 2480 397 2560 mitam,
413 2491 447 2546 et
466 2475 600 2544 inscitiae
618 2497 686 2542 suae
702 2489 920 2568 praetexentes
938 2477 1208 2565 sanctimoniam,
1224 2505 1330 2572 quum

141 2659 145 2666 ,
260 2598 348 2653 artes
375 2606 491 2653 omnes
517 2581 747 2664 humaniores,
769 2593 840 2650 tum
862 2582 1026 2675 poeticam
1048 2581 1270 2653 damnandam
1292 2589 1328 2654 in

261 2704 388 2772 totum,
406 2703 457 2774 et,
474 2701 511 2757 ut
530 2711 607 2757 cum
625 2685 760 2754 Sidonio
778 2685 922 2782 loquar,²
939 2711 985 2756 ex
1003 2711 1082 2758 asse
1099 2693 1329 2782 pronuntiant.

261 2795 325 2864 Alii
341 2796 483 2886 denique
504 2786 560 2881 (ut
580 2793 614 2858 in
631 2816 766 2860 arenam
788 2817 897 2861 meam
915 2792 1133 2882 descendam,
1151 2796 1245 2864 etad
1264 2801 1330 2868 mei

261 2900 386 2970 ordinis
402 2895 574 2978 homulos‚
589 2895 679 2965 salva
700 2921 830 2992 semper
851 2897 956 2968 doctis
974 2913 1008 2968 et
1025 2899 1110 2969 bene
1128 2902 1253 2971 meritis
1272 2929 1330 2972 re-

260 3007 428 3089 verentia,
451 3028 534 3097 quos
557 3027 657 3072 nemo
680 3003 869 3074 mortalium
894 3007 999 3099 magis
1024 3003 1103 3075 colit
1124 3031 1224 3102 quam
1247 3033 1332 3102 ege,

262 3114 366 3208 magis
391 3101 585 3195 veneratur)
611 3134 679 3178 non
709 3109 910 3180 submittunt
941 3135 975 3180 se
1001 3114 1147 3182 Petronii
1170 3112 1332 3205 arbitrio,

262 3221 319 3314 qui
345 3216 562 3313 generosioris
584 3218 694 3284 Poetae
712 3217 864 3310 spiritum
889 3217 1063 3286 sanitatem
1081 3243 1192 3289 amare
1209 3237 1331 3316 negat,

262 3323 477 3419 nequeenim
499 3321 673 3415 concipere
695 3335 751 3390 aut
771 3322 869 3390 edere
890 3337 1023 3416 partum
1047 3338 1191 3394 mentem
1211 3353 1331 3420 posse,

263 3432 324 3499 nisi
347 3430 471 3524 ingenti
492 3428 627 3496 llumine
646 3426 814 3496 literarum
836 3428 1036 3517 inundante3
1052 3417 1175 3524 neque³
1195 3434 1331 3505 Senecae

263 3533 544 3631 (pronuntiantis,
560 3559 628 3601 non
648 3557 744 3626 posse
762 3557 837 3602 eum
849 3532 973 3628 aliquid
991 3535 1147 3628 grandius
1162 3563 1220 3606 ore
1238 3564 1330 3610 mor·

263 3642 319 3712 tali
337 3666 475 3724 canere,
494 3641 556 3710 nisi
575 3641 631 3733 qui
652 3637 786 3733 vulgata
807 3653 840 3706 et
860 3639 955 3708 solita
974 3643 1190 3736 contempsit,
1210 3645 1329 3714 instin-

262 3763 383 3842 ctuque
403 3771 497 3817 sacro
520 3747 662 3814 surrexit
680 3737 794 3834 altior)
813 3746 1010 3815 anctoritate
1030 3746 1148 3816 adduci
1167 3766 1330 3843 possunt,

305 3961 331 3992 1.
342 3931 439 3999 Ᾰποδις
449 3937 549 3992 avicula
556 3977 564 4000 ,
575 3933 768 3989 etc.Vid.Plin.
857 3935 993 4015 asidona
1000 3977 1007 4000 ,
1022 3950 1072 3992 etc.
1083 3939 1143 3992 Lib.
1156 3941 1212 4006 111,
1221 3959 1263 4011 ep.
1281 3949 1325 4004 ru.
1344 3987 1346 4000 ,

262 4023 323 4074 Ber.
334 4019 393 4072 Nat.
411 4018 479 4070 Hist.
495 4016 541 4068 lib.
556 4017 595 4080 X,
609 4035 665 4085 cap.
680 4015 732 4084 39,
743 4028 770 4067 et
856 4015 881 4067 3.
890 4014 999 4080 &neem
1010 4028 1062 4069 etc.
1075 4020 1326 4090 uettanquittiure

260 4100 306 4152 lib.
319 4099 370 4164 xl,
381 4116 437 4167 cap.
449 4103 494 4164 47.
814 4093 911 4157 animi,
923 4113 981 4165 cap.
1002 4097 1046 4148 15.
