2838 4918
295 407 357 476 ET
384 403 638 472 OPERIBUS
666 403 968 476 MARTIALIS.
1035 427 1155 480 xxxin

209 555 257 615 Sic
270 555 358 612 miser
370 552 509 610 instantes
522 551 626 609 allams
640 549 747 609 dicitur
762 551 871 610 undas:

292 649 423 715 Parcite,
437 647 507 706 dum
520 666 666 726 propero;
677 646 814 726 mergite,
826 647 895 732 dum
908 647 1020 707 redeo.¹

139 839 187 906 At
205 835 338 906 suavius
356 831 512 928 quiddam
534 833 607 926 ipso
625 833 661 899 in
679 831 832 901 Martiale
849 837 946 922 novi,
962 837 1051 930 quod
1069 864 1156 908 nun.

81 957 190 1037 quatu
215 940 271 1010 alii
291 939 484 1024 advertere,
501 952 536 1006 et
557 938 639 1007 mibi
661 935 889 1032 dignissimum
911 941 1043 1012 videtur
1066 945 1157 1038 quod

81 1052 120 1118 in
138 1047 303 1117 Gallicam
324 1044 470 1138 linguam
493 1041 609 1137 aliquis
628 1041 815 1113 transferat
834 1035 895 1114 De'
906 1047 1049 1142 Cynthia
1071 1053 1155 1120 Pro-

81 1155 187 1248 pertii
207 1153 335 1248 agitur:

205 1331 347 1410 Cynthia,
362 1329 480 1390 facundi
493 1349 608 1388 carmen
616 1331 747 1408 juvenile
760 1334 913 1411 Properti,

285 1428 408 1506 Accepit
421 1429 540 1498 lamam,
553 1447 607 1486 nec
621 1428 717 1487 minus
732 1423 796 1507 ipsa
810 1429 900 1489 dedit.
907 1435 921 1502 ²,

80 1617 248 1714 Equidem
267 1617 397 1702 nescio,
416 1639 459 1684 an
475 1630 620 1684 mentem
636 1617 779 1684 auctoris
798 1619 904 1711 probe
917 1623 1102 1716 attigerim
1119 1641 1154 1694 at

80 1747 232 1820 nequeo,
256 1723 290 1791 iu
316 1722 419 1790 verba
445 1721 674 1790 annotantium
699 1721 833 1815 jurans,
858 1725 994 1796 credere
1014 1729 1069 1798 bie
1087 1755 1152 1824 po-

80 1833 181 1899 situm
197 1835 309 1898 mmm
322 1853 384 1924 pro
400 1833 560 1897 minorem
574 1825 728 1919 famam.
752 1827 877 1916 Quidni
897 1833 984 1900 enim
1003 1859 1065 1928 pro
1086 1842 1152 1924 mi-¹

78 1961 147 2004 mar
163 1940 318 2032 preabsa
339 1933 463 2004 dona?
477 1934 581 2023 Quasi
598 1957 719 2028 nempe
739 1933 885 2005 diceret:
902 1935 1052 2008 Gloriam
1074 1933 1151 2036 qui·

79 2041 176 2127 dem,
199 2042 323 2135 optime
348 2055 459 2128 vates,
479 2055 517 2109 tu
540 2039 616 2125 das;
638 2053 672 2108 at
693 2041 800 2110 amica
829 2040 1055 2138 voluptatem:
1075 2062 1152 2117 utra

79 2149 201 2217 barum
224 2171 335 2216 rerum
358 2145 590 2241 anteponenda
614 2160 684 2232 est,
711 2148 738 2215 si
765 2146 849 2216 bene
874 2150 1082 2222 attenderis?
1098 2157 1151 2223 Tu

77 2251 199 2349 puellae
225 2277 348 2323 nomen
370 2253 486 2322 inseris
511 2251 625 2338 famae,
647 2267 681 2320 te
701 2251 812 2348 puella
836 2258 974 2326 summis
1003 2259 1147 2352 gaudiis:

78 2376 114 2430 tu
126 2385 202 2430 eam
215 2361 324 2446 canis,
337 2357 420 2428 nibil
435 2357 652 2453 splendidius;
662 2372 696 2426 te
711 2356 766 2427 illa
780 2376 887 2443 amat,
902 2362 984 2431 nibil
1000 2364 1148 2435 dulcius:

77 2483 114 2536 tu
130 2467 246 2536 littura
255 2480 405 2560 tempora
416 2465 494 2534 huie
508 2488 667 2554 exornas3
679 2478 714 2532 at
728 2465 798 2534 haee
816 2466 976 2538 hodierna
994 2470 1079 2540 beat.
1097 2473 1149 2541 Ne

78 2572 244 2666 puellam,
264 2596 285 2640 o
306 2573 372 2656 vir,
395 2595 558 2666 spernas:
579 2569 624 2638 dii
649 2570 744 2640 vobis
769 2570 994 2666 pulcherrima
1018 2591 1053 2645 et
1078 2601 1149 2646 am-

79 2679 226 2772 plissima
250 2699 417 2764 annuere,
438 2677 499 2745 tibi
529 2677 717 2772 ingenium,
739 2676 819 2746 huic
843 2694 1071 2769 venustatem3
1099 2683 1148 2752 af·

80 2786 162 2854 fluat
177 2785 342 2853 venustati
357 2783 399 2851 ab
417 2782 549 2876 ingenio
568 2796 734 2877 superstes
752 2782 1000 2872 immortalitas,
1013 2788 1146 2883 ingenio

78 2915 96 2958 a
118 2904 294 2960 venustate
313 2911 456 2985 praesens
477 2882 631 2958 felicitas!
648 2885 843 2957 Parallelum
866 2891 931 2961 hoe
952 2895 1146 2965 suavissimo

79 2997 156 3066 huic
171 3012 206 3066 et
224 2997 396 3065 notissimo
416 2995 573 3082 carmini,
586 3018 654 3088 quo
668 2995 859 3083 Anacreon,
880 3014 1056 3094 postquam
1076 3003 1146 3070 ani·

79 3105 242 3172 muntium
268 3102 419 3172 ornnium
443 3125 535 3169 amna
558 3102 670 3170 nativa
691 3099 864 3196 explicuit,
883 3118 917 3172 et
940 3104 1144 3176 intellectum

78 3211 150 3278 viro
173 3208 289 3278 datum
314 3207 463 3278 exhibuit
477 3199 574 3295 (Τοῖς
599 3197 743 3299 ἀνδράσιν
771 3203 951 3302 φρόνημα),
967 3210 1146 3306 derepente

78 3329 279 3384 sciscitatur:

119 3543 146 3578 t.
160 3523 222 3577 Lib.
238 3522 282 3576 Se.
300 3521 384 3594 epigr.
401 3539 451 3574 xxv
468 3522 512 3572 bis.
528 3521 676 3586 Ceterum,
691 3539 722 3574 ea
742 3520 875 3575 sententia
895 3523 930 3574 ita
947 3521 1092 3579 delectatus
1107 3539 1147 3582 est

75 3604 212 3666 Herodis,
220 3614 251 3656 ut
260 3602 324 3656 huic
333 3598 471 3654 efferendo
479 3599 509 3653 in
517 3599 683 3672 Apophoret.
691 3600 762 3653 libro
772 3597 855 3662 (idem
865 3601 911 3654 ille
922 3615 961 3656 est
969 3621 1000 3658 ac
1010 3605 1057 3676 qui
1066 3606 1147 3679 volgo
1231 3629 1233 3632 ·

75 3684 233 3739 inscribitur
245 3679 306 3746 xrv)
317 3679 460 3734 distichum
471 3697 579 3752 quoque
591 3681 797 3733 consecraverit:

358 3829 438 3870 tumidis
449 3828 511 3866 nudat
521 3828 611 3868 leander
619 3827 640 3866 in
650 3827 708 3866 undis
717 3843 722 3863 ι

121 4063 147 4095 ι.
158 4042 215 4094 Lib.
226 4040 303 4104 xtV,
314 4038 395 4108 epigr.
408 4055 530 4090 comm.
