2838 4918
241 455 315 502 xxx
422 428 776 498 DISSERTATIO
803 431 871 497 DE
898 428 1129 498 INGENIO

242 561 348 644 afficl,
363 583 553 654 quanquam
568 584 646 628 sane
661 558 838 654 aliquando
852 574 1005 629 neutram
1018 561 1052 630 in
1067 575 1196 655 partem
1210 558 1308 628 incli-

242 683 301 736 nat
314 666 471 736 allectus:
487 689 605 760 porro,
618 668 646 734 si
661 668 734 759 quis
748 664 800 734 vel
813 666 897 734 bene
913 664 965 734 vel
981 665 1066 736 male
1083 665 1238 752 afficitur,
1251 663 1309 734 ille

243 797 375 843 sensum
391 773 556 866 percepit;
571 787 605 840 at
622 773 678 864 qui
697 774 862 866 percepit,
877 795 946 840 nou
963 797 1095 867 semper
1111 775 1138 842 is
1151 770 1308 842 afficitur.

243 880 371 974 Fingite
395 901 475 972 ergo
497 901 586 946 nuno
611 902 743 946 sensum
766 901 827 947 nec
853 877 996 972 patuisse
1018 877 1115 965 mihi,
1139 901 1219 972 crgo
1243 897 1308 946 nec
1415 927 1416 932 κ

244 984 420 1081 placuisse,
431 997 465 1052 et
474 983 564 1053 hunc
573 982 755 1076 explicato:
770 997 861 1077 patet
871 981 925 1051 ille
938 983 1088 1077 quidem,
1097 1007 1165 1052 non
1179 982 1309 1077 placet,

245 1089 352 1160 lucem
378 1089 502 1173 fecisti,
523 1113 591 1158 non
617 1088 821 1184 voluptatem
838 1114 846 1157 :
862 1113 931 1157 rem
957 1113 1021 1158 acu
1047 1090 1157 1184 tetigi,
1177 1113 1248 1160 rem
1273 1102 1310 1156 et

245 1221 341 1267 acum
360 1195 514 1290 projicio,
533 1195 599 1276 hoc
619 1209 686 1280 est,
701 1209 735 1264 et
752 1210 922 1266 auctorem
944 1211 978 1264 et
999 1209 1227 1265 annotatorem
1245 1194 1307 1263 lin·

246 1327 321 1397 quo.
345 1301 459 1370 Liceat
478 1301 613 1388 mihi‚o
635 1299 724 1369 docti
740 1301 820 1388 viri,
841 1325 924 1396 paee
943 1315 1051 1371 vestra
1069 1293 1307 1393 βλασφημῖζεινς

247 1410 332 1477 inest
355 1407 599 1476 commentariis
622 1408 740 1475 vestris
760 1431 914 1500 asperum
934 1422 967 1476 et
983 1406 1127 1502 gelidum
1145 1421 1179 1475 et
1197 1405 1308 1500 plum-

247 1513 345 1582 beum
361 1513 471 1582 nescio
485 1511 563 1606 quid
579 1537 646 1607 quo
660 1527 814 1581 arescunt
827 1513 943 1600 corda,
959 1514 1158 1608 ingravescit
1174 1511 1308 1596 levitaS,

247 1619 345 1716 friget
355 1617 545 1704 Vulcanus,
558 1618 690 1713 fugiunt
705 1621 866 1688 Veneres:
882 1644 944 1690 nec
962 1621 1066 1713 magis
1083 1643 1140 1687 vos
1153 1617 1310 1712 lepidissi-

246 1749 339 1795 mum
360 1739 529 1794 auctorem
550 1725 631 1793 mihi
652 1723 812 1794 exhibetis
830 1749 928 1819 quam
950 1726 1117 1794 Rotanista
1138 1748 1266 1810 rosam,
1281 1727 1309 1794 si

247 1855 287 1902 er
309 1831 486 1899 herbarum
510 1830 666 1900 thesauro
687 1829 829 1900 cadaver
851 1855 932 1900 rosae
957 1829 1198 1925 deprompserit
1220 1853 1309 1899 mar-

246 1938 359 2009 cidum
377 1952 411 2006 et
429 1935 564 2031 pallens.
584 1939 636 2003 En
654 1935 779 2023 caules,
794 1961 837 2005 en
856 1936 955 2022 calix,
970 1960 1012 2004 en
1033 1935 1157 2007 corolla
1178 1951 1212 2005 et
1232 1961 1310 2005 ma-

248 2043 338 2114 scula
348 2041 421 2130 fila,
436 2057 470 2112 et
484 2041 662 2110 femineum
683 2056 826 2121 stamen,
841 2056 875 2110 et
891 2039 1002 2135 stylus.
1020 2045 1063 2111 At
1074 2041 1157 2111 0'dor
1172 2043 1309 2137 myrrha
1417 2071 1418 2074 ¹

247 2167 346 2245 atque
367 2146 581 2244 opobalsamo
603 2150 736 2217 suavius
760 2149 903 2242 spirans,
922 2148 976 2216 ubi
999 2145 1068 2217 est?
1082 2149 1139 2216 ubi
1160 2173 1310 2243 purpura

247 2255 368 2327 clarior
382 2252 494 2325 colorl
504 2254 561 2322 ubi
575 2253 723 2324 tremulae
738 2252 923 2350 gemmulae,
935 2277 1016 2348 quas
1029 2258 1161 2323 Aurora
1172 2254 1309 2349 adsper-

247 2360 369 2458 gebat?
381 2361 439 2430 ubi
455 2359 578 2456 lanugo
594 2359 762 2454 virginalis
780 2384 853 2454 quae
869 2361 977 2429 crocei
991 2375 1050 2429 aut
1067 2363 1213 2430 coccinei
1230 2361 1309 2455 pul-

246 2471 332 2540 veris
346 2469 490 2564 speciem
504 2466 630 2536 habens
644 2465 771 2536 tenellae
786 2467 854 2535 cuti
868 2459 1209 2560 adhaerescebathuis
1221 2466 1310 2536 banc

245 2575 367 2672 papilio
387 2599 477 2644 nunc
494 2587 653 2668 agnoscet
669 2586 703 2641 et
718 2569 1016 2643 circumvolitabit?
1032 2597 1105 2666 quae
1121 2571 1230 2666 puella
1251 2597 1307 2643 co·

244 2686 321 2767 mis,
343 2697 401 2751 aut
421 2682 495 2752 sinu
512 2677 725 2775 dignabitur?

296 2790 356 2858 llis
366 2789 495 2883 positis,
506 2784 600 2856 facile
609 2786 678 2880 jam
688 2787 856 2881 pervides,
865 2809 966 2881 quam
982 2787 1026 2856 ob
1039 2809 1190 2856 caussam
1203 2785 1245 2856 ab
1258 2785 1310 2856 his

246 2895 355 2982 nihili,
367 2895 408 2963 ab
419 2893 470 2962 his
483 2893 635 2977 maximi,
644 2916 663 2960 a
673 2891 837 2987 plerisque
846 2894 939 2986 parvi
949 2891 1110 2961 Martialis
1119 2894 1308 2962 estimetur.

243 3005 321 3074 Non
339 3001 448 3070 statim
466 3010 613 3066 mentem
631 2998 773 3090 jocantis
788 3011 1019 3092 assequuntur,
1033 3022 1140 3092 neque
1155 2997 1189 3066 id
1204 3023 1310 3092 genus

244 3106 322 3177 mali
331 3121 418 3176 notae
428 3127 582 3197 reparare
591 3103 772 3190 sufficiunt,
780 3105 936 3198 namquis
945 3103 1030 3173 ferat
1036 3105 1130 3199 jocos
1139 3103 1311 3199 explicari?

242 3213 332 3309 quod
343 3227 411 3282 tam
424 3235 540 3280 verum
553 3225 621 3294 est,
633 3224 682 3294 ut,
693 3211 720 3278 si
730 3233 806 3280 eum
816 3207 935 3278 laedere
946 3209 1088 3280 volueris
1097 3211 1152 3304 qui
1162 3213 1195 3278 in
1205 3211 1309 3278 ambi-

245 3323 318 3416 guis
332 3319 469 3389 vocihus
479 3317 596 3412 saepius
609 3313 709 3403 ludit,
720 3331 752 3385 te
763 3314 960 3410 caligantem
975 3317 1085 3386 statim
1097 3316 1310 3386 simulaturus

243 3429 295 3497 sis.
310 3429 452 3508 Contra,
469 3438 507 3492 ut
527 3423 772 3492 homericarum
793 3421 978 3490 fabularum
993 3425 1060 3490 vim
1078 3422 1257 3510 demisere,
1272 3437 1311 3491 ut

244 3531 375 3628 Virgilii
400 3529 541 3600 candida
565 3525 757 3622 ‘eloquentia
782 3552 952 3614 moveare,
971 3553 1039 3598 non
1061 3529 1238 3621 requiritur
1259 3529 1310 3595 in-

245 3641 377 3734 genium
399 3659 607 3732 operosaque
628 3634 779 3704 eruditio.
790 3633 1002 3728 Ubicumque
1025 3649 1189 3703 terrarum
1208 3634 1310 3704 corda

244 3745 409 3841 palpitant
426 3757 460 3814 et
478 3742 559 3820 ssent
575 3739 678 3826 oculi,
692 3740 782 3809 Dido
800 3754 833 3808 et
847 3740 1081 3811 Andromache
1094 3740 1310 3824 amabuntur,

243 3851 478 3921 narrabuntur.
501 3851 618 3940 Neque
647 3848 734 3916 enim
764 3847 875 3916 obstat
901 3845 980 3941 fuga
1007 3844 1201 3916 saeculorum
1230 3847 1310 3915 irre·

243 3955 411 4044 meabilis,
427 3978 534 4049 neque
554 3951 777 4024 dissociabiles
795 3954 937 4036 Oceani,
954 3953 1033 4046 quin
1050 3952 1172 4046 ubique
1187 3966 1220 4020 et
1235 3976 1310 4046 per-

245 4080 404 4160 petuum,
425 4061 468 4131 ab
487 4059 683 4131 incunabilis
704 4059 820 4128 mundi
842 4058 885 4127 ad
902 4083 1025 4128 novum
1049 4059 1165 4145 chaos,
1184 4059 1216 4128 in
1234 4059 1310 4150 qui-
