2838 4918
17 1311 19 1400 l

17 1697 19 1812 l

17 1907 19 2050 l

17 4089 21 4300 l

343 425 527 494 MATTH.
557 427 817 494 RADERUS.
1054 453 1117 498 xix

63 563 167 654 ginta:
188 557 339 628 discessit
358 557 498 651 septim0
513 571 547 623 et
562 557 841 650 quinquagesimo.
863 557 964 644 Quod
977 561 1045 654 ipse
1062 571 1118 630 ine

62 665 152 734 docet
171 666 296 750 Poeta,
315 687 416 756 quum
437 663 526 746 XII,
547 687 652 748 xxxi,
670 663 712 730 de
731 661 835 730 hortis
855 663 1021 735 Marcella
1035 691 1117 736 uxo·

62 796 100 838 ns
121 785 164 839 ita
184 783 294 838 canit:

173 927 295 980 Munera
307 933 375 980 sunt
384 919 508 978 domina
522 931 588 998 post
601 921 722 998 septima
733 923 823 982 lustra
835 943 960 982 reverso.

64 1087 127 1156 lib.
142 1111 223 1156 vero
240 1087 292 1172 X,
308 1107 420 1168 ema
441 1085 548 1177 patria
570 1108 605 1152 se
622 1084 756 1178 triginta
775 1099 918 1179 quatuor
937 1111 1043 1156 annos
1061 1088 1120 1157 ab·

64 1193 153 1261 luisse
171 1191 281 1261 adhuc
295 1192 329 1258 in
343 1189 439 1259 Urbe
457 1190 581 1284 degens
597 1190 735 1284 scripsit.
751 1191 870 1274 Porro,
889 1195 942 1274 X,
960 1216 1068 1278 xxw,
1080 1194 1122 1264 de

65 1299 122 1366 suis
139 1295 302 1382 kalendis,
323 1309 437 1366 monet
457 1320 492 1364 se
515 1295 823 1390 quinquagesimum
854 1299 1031 1392 septimum
1059 1323 1121 1367 an·
1206 1388 1208 1392 .

66 1428 135 1472 num
150 1405 296 1498 attigisse
315 1429 323 1468 ε

214 1557 458 1636 Quinquagesima
474 1557 532 1616 liba
547 1558 754 1636 septimamque

213 1647 323 1707 Vestris
336 1649 469 1708 addimus
483 1648 558 1708 hauc
575 1649 647 1708 focis
663 1669 799 1708 acerram.

66 1814 108 1880 lix
120 1809 240 1904 quibus
253 1807 433 1896 concludo,
446 1812 580 1878 Poetam
594 1809 656 1878 sub
670 1812 821 1894 Nerone,
834 1809 959 1897 Galba,
972 1814 1124 1900 Othone,
1206 1882 1213 1895 ,

67 1915 208 2000 Vitellio,
224 1916 444 2009 Vespasiano,
463 1917 558 2001 Tito,
584 1916 793 2000 Domitiano,
817 1915 947 2000 Nerva,
963 1920 1124 2012 Trajano,

67 2023 172 2091 Rornae
189 2021 328 2108 vixisse,
344 2046 466 2114 quum,
481 2037 518 2090 ut
536 2020 634 2116 plane
656 2022 783 2107 sentio,
805 2022 866 2090 sub
885 2025 1028 2116 primum
1046 2028 1124 2094 Tra·

63 2127 121 2218 jani
141 2151 286 2214 annum,
300 2127 391 2221 quod
407 2127 449 2196 ab
464 2151 505 2195 eo
518 2124 750 2224 negligeretur,
768 2128 801 2194 in
817 2129 957 2221 patriam
974 2129 1123 2218 redierit,

66 2235 168 2328 ibique
194 2250 271 2328 post
299 2233 570 2327 quadriennium,
593 2257 759 2302 summum
779 2235 1043 2328 quinquennium
1068 2261 1123 2306 ex·

67 2355 191 2428 aetum,
209 2336 362 2408 ultimum
383 2341 457 2408 vitai
477 2338 564 2407 diem
587 2337 762 2424 clauserit,
783 2341 884 2408 itaut
904 2335 1123 2422 ἑξηκονταιτὴς

67 2446 125 2515 fere
154 2445 292 2534 obierit,
321 2459 379 2514 aut
405 2468 529 2514 annum
556 2443 643 2514 ultra
668 2447 771 2514 vitam
806 2449 1001 2540 prorogarit.
1032 2447 1125 2518 Obiit

66 2577 136 2646 ergo
167 2575 256 2620 anno
288 2566 364 2640 post
387 2553 425 2620 C.
459 2550 500 2618 N.
527 2551 617 2638 CIV,
648 2565 706 2618 aut
734 2553 815 2634 CV,
842 2552 974 2644 Trajani
1005 2569 1124 2645 quarto

67 2673 114 2726 ant
128 2657 265 2752 quinto,
285 2659 368 2726 Sura
384 2671 418 2725 et
436 2657 594 2724 Serviano
612 2657 732 2723 iterum
745 2657 839 2725 Coss.
852 2657 986 2754 Olymp,
1008 2681 1122 2746 ccxx,

69 2787 92 2832 a.
111 2789 156 2850 a,
179 2773 255 2856 post
278 2765 324 2832 U.
347 2763 387 2832 C·
412 2783 569 2833 ncncnw.
594 2763 709 2829 Romae
736 2761 943 2848 Domitiano,
968 2763 1069 2832 immo
1092 2780 1126 2834 et

67 2870 132 2938 Tito
155 2891 252 2939 carus
271 2882 449 2963 gratusque
469 2867 548 2954 fuit,
563 2867 754 2961 magnisque
775 2866 956 2938 honoribus
977 2883 1010 2938 et
1028 2869 1124 2940 donis

65 2974 100 3042 ab
119 2990 260 3068 utroque
278 2988 434 3059 omatus;
456 2974 530 3066 jure
551 2997 670 3067 nempe
691 2974 791 3040 trium
812 2971 1011 3062 liberorum,
1033 2977 1124 3069 quod

66 3079 147 3151 solus
178 3083 366 3174 Imperator
398 3078 612 3167 conferebat,
640 3079 856 3172 maximaeque
891 3096 1123 3175 argumentum

65 3189 174 3280 gratiae
205 3201 286 3256 erat.
316 3185 367 3254 De
391 3210 457 3279 quo
478 3184 602 3254 Plinius
628 3185 760 3270 minor,
786 3185 945 3273 Tacitus,
971 3187 1122 3280 Lipsius,

67 3291 132 3379 alii,
154 3307 188 3362 et
209 3317 269 3362 nos
300 3317 361 3360 suo
384 3289 467 3360 loco.
494 3289 665 3362 Gloriatur
688 3289 730 3358 de
758 3291 824 3359 hoc
847 3315 984 3360 munere
1004 3293 1124 3380 Poeta,

66 3400 130 3484 111,
144 3395 233 3470 xcv?

179 3562 300 3620 Praemia
313 3560 432 3620 laudato
446 3557 547 3618 tribuit
561 3559 632 3618 mibi
647 3563 742 3618 Caesar
757 3571 891 3634 uterque,

218 3656 420 3730 Natorumque
433 3651 514 3709 dedit
521 3652 587 3729 jura
599 3662 718 3728 paterna
732 3651 829 3707 trium.

68 3817 106 3884 Et
125 3817 199 3904 IX,
215 3835 349 3910 xcvnr:

184 3977 338 4054 Rumpitur
349 3975 473 4045 invidia,
486 3974 587 4032 tribuit
599 3973 678 4052 quod
691 3974 786 4032 Casan
797 3988 920 4052 uterque

221 4073 274 4127 lus
288 4067 359 4126 mibi
371 4081 522 4139 natorum,
534 4067 680 4145 rumpitur
693 4066 809 4125 invidia.

845 4181 973 4256 ‚b²
