2838 4918
98 472 821 521 ΜΜΜΜΜΜΜΜΜᾞΜᾞΜΜ
827 497 1149 522 “mmmmm

168 817 252 935 M.
294 813 492 934 vAL.
552 814 1066 952 marmus

417 1123 790 1330 VITA,

132 1471 179 1524 EX
200 1411 530 1522 IPSO'MARTIALE
551 1467 812 1523 POTISSIMUM
833 1471 1102 1539 DEPROMPTA,

486 1685 740 1754 AUCTORE

326 1849 566 1997 marra.
602 1907 897 2000 armario.

425 2139 818 2178 ——QOQ—-n

88 2323 163 2442 M.
180 2371 271 2439 Van.
287 2369 511 2454 Meamne,
531 2380 625 2461 patre
644 2369 830 2456 Frontone,
848 2385 954 2440 matre
973 2371 1145 2467 Flaccilla,

88 2474 188 2545 Bilbili
206 2475 243 2544 in
263 2473 458 2559 Celtiberia,
477 2470 607 2543 Claudii
629 2474 750 2568 Imper.
775 2499 864 2546 anno
885 2493 1145 2581 praeterpropter

85 2583 202 2674 primo,
217 2582 344 2652 Christi
356 2603 675 2674 xm11,quamquam
690 2577 756 2648 hoc
772 2583 1018 2677 exconjectura
1034 2594 1140 2686 magis

86 2712 178 2780 quam
194 2677 365 2770 ἀποδείξει,
379 2699 492 2769 natus,
503 2683 775 2780 Calagurritanus
788 2685 851 2756 suit
864 2685 1032 2782 alumnus,
1043 2721 1143 2790 quam

87 2793 242 2864 obscurus
263 2792 427 2886 majorum
452 2790 634 2878 natalibus,
657 2806 726 2860 tam
746 2790 854 2864 clarus
877 2797 1000 2891 ingenii
1023 2827 1143 2874 monu-

85 2901 208 2970 mentis.
227 2902 281 2968 De
294 2897 483 2968 nomnibus
500 2900 609 2966 Poetae
624 2911 755 2968 constat
769 2924 810 2968 ex
824 2904 973 2972 omnium
990 2907 1141 2978 codicum

84 3005 162 3090 fide,
183 3006 241 3100 qui
261 3007 309 3074 M.
327 3003 496 3076 Valerium
516 3002 704 3073 Martialem
726 3006 932 3098 praeferunt:
952 3036 1044 3105 quae,
1061 3040 1142 3084 num

84 3113 149 3204 ipse
169 3112 232 3181 sibi
253 3110 448 3198 adsciverit,
464 3133 508 3178 an
529 3133 550 3178 a
569 3110 760 3204 parentibus
778 3115 959 3208 acceperit,
976 3119 1010 3185 in
1033 3120 1143 3190 medio

84 3216 252 3312 relinqu03
277 3239 477 3310 quamquam
502 3217 610 3286 Marci
634 3231 668 3286 et
687 3215 812 3300 Valerii
832 3219 988 3290 Romana*
1009 3229 1140 3294 nomina

84 3325 196 3392 Romae
217 3323 361 3417 primum
382 3335 551 3416 assumpta
569 3321 692 3416 judico.
713 3323 829 3392 Civem
848 3327 938 3394 enim
954 3331 1141 3401 Romanum

84 3428 180 3500 luisse
194 3426 305 3498 nullus
323 3428 453 3512 dubito,
465 3452 569 3522 quum
588 3425 658 3498 aliis
676 3430 746 3524 ipse
764 3430 931 3500 civitatem
946 3437 1146 3530 impetrarit,

83 3549 117 3602 ut
132 3535 188 3605 lib.
204 3537 277 3622 Ill,
291 3537 396 3629 epigr.
413 3531 483 3630 95,
498 3532 657 3628 gloriatur
677 3535 711 3602 in
729 3535 903 3606 Naevolum
921 3565 931 3622 ς
1006 3533 1010 3542 '

221 3705 301 3774 Quot
314 3699 385 3758 mihi
399 3703 530 3759 Caesareo
544 3699 610 3756 lacti
624 3712 692 3757 sunt
707 3719 827 3759 munere
844 3703 934 3775 cives,

259 3797 321 3851 Nec
336 3791 458 3850 famulos
473 3789 593 3850 totidem
609 3790 740 3869 suspicor
755 3811 817 3850 esse
831 3791 904 3852 tibi:

86 3977 144 4022 neo
161 3953 305 4042 laomim,
319 3953 378 4024 sed
395 3967 508 4022 natum
525 3978 536 4039 3
553 3951 673 4047 alioqui
690 3968 867 4049 patronum
889 3982 985 4026 suum
1002 3967 1147 4035 carmine

87 4056 255 4130 laudasset.
282 4057 397 4128 Facilis
419 4083 501 4128 vero
526 4073 598 4128 erat
619 4073 688 4129 tum
711 4060 820 4131 aditus
849 4061 891 4130 ad
915 4065 971 4157 jus
992 4067 1149 4158 civitatis,
