2838 4918
268 465 305 509 rv
597 439 855 508 EDlTORlS
882 439 1009 509 NOVI

428 588 470 648 Sit
486 584 537 643 tibi
554 598 631 642 terra
649 585 737 656 levis,
753 583 890 661 mollique
907 585 1011 662 tegaris
1024 601 1131 652 arena,

468 683 511 736 Ne
526 691 574 736 tua
588 697 647 735 non
661 675 772 754 possint
785 695 888 733 eruere
901 695 966 734 ossa
977 695 1075 748 canes3

268 859 322 928 cui
337 881 400 928 nos
416 868 625 951 perspectum
642 853 714 922 lore
728 851 903 938 credimus,
919 867 1081 946 quantum
1097 867 1132 920 et
1143 851 1343 948 lepidissimi

267 979 342 1052 salis
357 996 391 1054 et
404 978 599 1048 amarissimi
618 973 700 1045 fellis
717 978 751 1044 in
775 975 932 1070 ambiguo
946 977 1093 1044 carmine
1107 976 1166 1062 sit,
1184 978 1245 1046 nisi
1260 977 1340 1048 sor-

267 1103 391 1174 mulam
414 1103 501 1171 hanc
522 1099 698 1195 loquendi,
721 1103 773 1170 Sit
797 1097 862 1168 tibi
881 1114 974 1168 terra
993 1100 1074 1168 Ievis
1085 1154 1096 1186 ,
1117 1099 1202 1169 bene
1221 1099 1339 1171 norit!

265 1231 371 1296 Porro
392 1227 425 1294 in
450 1225 500 1293 liis
521 1247 594 1318 quae
615 1219 756 1316 exempli
781 1219 856 1290 loeo
881 1218 1075 1306 attulimus,
1097 1220 1343 1294 illarduntaxat

264 1347 454 1443 selegimus,
468 1371 541 1440 qum
558 1348 645 1415 circa
661 1368 713 1413 res
722 1344 875 1413 omnibus
884 1358 979 1414 notas
989 1344 1216 1416 versabantur.
1231 1349 1341 1444 Finge

264 1489 376 1544 tamen
393 1469 560 1541 tirunculo
583 1467 714 1539 cuidam
733 1493 751 1537 e
770 1465 890 1538 scholis
910 1471 1078 1564 ignorari,
1097 1467 1174 1538 lieet
1193 1469 1247 1540 ille
1274 1495 1338 1568 ap-

263 1596 370 1692 prime
386 1595 469 1663 seiat
480 1591 561 1687 quid
573 1615 689 1660 omnes
703 1615 803 1660 voees
820 1589 1024 1686 significent,
1036 1605 1071 1660 et
1083 1591 1263 1662 verborum
1277 1619 1337 1663 or-

262 1719 373 1788 dinem
400 1699 528 1786 reetirm
556 1713 652 1784 facile
680 1713 878 1808 perspiciat,
909 1738 989 1783 num
1017 1712 1202 1810 intelliget?
1227 1719 1272 1786 At
1299 1719 1337 1787 in

262 1839 414 1908 Martiale
438 1861 539 1932 quam
558 1837 663 1905 multa
678 1850 771 1922 sunt,
790 1835 958 1930 inquibus
978 1835 1030 1906 vel
1045 1837 1253 1909 eruditissimi
1270 1843 1337 1910 viri

262 1960 446 2032 tirunculos
472 1985 542 2030 sese
570 1957 756 2029 fateantur?
776 1973 859 2052 quot
878 1974 912 2028 et
933 1975 1073 2053 quanta,
1090 1963 1124 2030 in
1149 1963 1231 2032 urbe
1251 1979 1336 2035 tunc

261 2087 410 2156 omnium
428 2084 611 2153 vastissima
627 2096 661 2150 et
677 2081 916 2165 diversissima,
931 2083 1034 2152 mixta
1048 2098 1082 2152 et
1099 2087 1265 2156 contraria
1282 2113 1335 2158 ee

261 2203 499 2278 lebrabanturl
518 2227 618 2298 quam
639 2225 745 2297 pauca
767 2217 878 2272 autem
901 2227 942 2270 ex
962 2203 1014 2272 his
1033 2205 1076 2272 ad
1094 2230 1156 2276 nos
1174 2231 1279 2304 usque
1298 2227 1335 2280 et

222 2325 226 2336 '
260 2357 366 2428 prope
381 2329 574 2399 vicesimum
590 2326 747 2396 saeculum
763 2324 961 2420 pervasere?
978 2326 1046 2394 Ubi
1063 2332 1232 2400 matutinae
1247 2330 1336 2403 salu·

260 2458 426 2540 tationes,
459 2451 702 2534 deductiones,
736 2449 961 2545 togatulorum
992 2453 1334 2546 anteamhutationes,

260 2577 416 2674 sportulae
430 2591 487 2646 aut
503 2599 605 2646 coenae
619 2589 736 2662 rectae,
755 2587 789 2642 et
806 2575 1054 2643 convivantirun
1072 2577 1106 2644 in
1123 2578 1239 2648 eodem
1255 2606 1333 2651 oon·

260 2704 350 2772 vivio
376 2725 476 2770 avara
503 2696 702 2769 distinctio?
727 2697 784 2766 ubi
812 2695 952 2781 balnea,
979 2698 1136 2788 thermae,
1161 2705 1333 2797 porticus,

261 2826 443 2910 donativa,
474 2845 681 2906 annpnarum
709 2820 911 2903 divisiones,
936 2822 1203 2914 amphitheatra,
1229 2829 1332 2918 circi,

261 2946 351 3034 ludi,
369 2948 559 3040 aurigarum
573 2937 747 3030 factiones,
761 2940 995 3030 mirmillones,
1011 2943 1143 3037 belluae,
1158 2968 1332 3046 pegmata,

262 3071 385 3157 aulaea,
404 3065 523 3138 fistulae
543 3067 664 3163 quibus
682 3065 955 3136 diffundebantur
973 3086 1162 3164 unguenta,
1176 3089 1229 3163 et,
1250 3103 1330 3172 por.

213 3192 218 3222 ¹
262 3211 430 3266 tentosum
449 3190 713 3288 spectaculorum
732 3215 856 3287 genus,
877 3189 1116 3284 Scaevolarum,
1135 3197 1330 3272 Porciorum

263 3335 297 3388 et
313 3307 492 3412 Pasiphaes
511 3313 781 3412 repraesentatio?
794 3314 862 3383 Ubi
875 3314 981 3385 Isidos
999 3317 1100 3411 bajuli
1121 3321 1330 3412 sacerdotes,

263 3443 405 3511 Aricinae
422 3443 539 3510 Dianae
563 3438 694 3526 altaria,
715 3443 815 3508 Bonae
841 3442 922 3509 Deae
940 3443 1025 3510 sacri
1045 3442 1130 3530 dies,
1147 3445 1329 3520 Floralium

261 3580 295 3634 et
308 3561 530 3634 Saturnalium
543 3563 730 3659 plusquam
749 3563 941 3632 Suburrana
961 3563 1116 3635 lieentia?
1133 3568 1188 3636 ubi
1202 3569 1329 3645 lecticae

262 3703 471 3774 senatorum,
493 3712 612 3758 currus
633 3688 835 3770 meretricis,
854 3688 1127 3782 triumphantium
1149 3693 1328 3789 imperato-

262 3837 337 3880 rum
359 3811 504 3900 thensae,
523 3812 646 3880 mortui
669 3807 798 3879 tribulis
820 3809 1011 3904 sandapila?
1029 3812 1085 3880 ubi
1105 3813 1231 3905 denuo,
1249 3843 1327 3890 nam

261 3937 321 4004 etsi
339 3934 442 4003 multa
460 3932 622 4028 sigillatim
644 3936 875 4020 nominavero,
896 3931 991 4029 plura
1011 3937 1111 4006 etiam
1131 3964 1184 4008 me
1199 3941 1326 4037 effinge-

261 4059 346 4145 rint‚
365 4059 420 4125 ubi
440 4059 499 4126 ista
519 4057 659 4126 civitatis
683 4057 801 4140 unius,
824 4058 883 4124 viri
905 4058 1000 4126 unius
1018 4065 1052 4128 io
1073 4081 1196 4133 cuncta
1217 4082 1324 4135 terra-
