2838 4918
297 493 368 539 xxu
465 471 531 537 DE
559 469 729 536 athL.
757 469 1053 538 MARTIALIS
1073 467 1194 536 vlta

298 617 365 690 est,
388 599 475 695 quod
499 625 567 668 non
591 598 723 667 videtur
742 600 887 694 potuisse
910 597 1093 686 Martialis,
1114 613 1173 666 aut
1195 595 1371 666 voluisse?

299 707 400 798 Quod
421 707 529 802 ipsum
545 730 620 774 reor
634 704 715 791 fuit,
733 729 794 774 cur
811 703 920 775 nullus
935 700 1161 774 familiaritatis
1182 701 1282 772 index
1306 717 1371 772 aut

242 797 247 808 ¹
299 811 503 908 symbolum,
524 826 582 880 aut
603 805 836 880 contesseratio
860 810 949 906 apud
970 813 1147 906 scriptores
1167 809 1369 905 reperiatur.

298 919 488 988 Librarium
506 941 647 1012 puerum
661 916 796 1005 habuit,
812 917 929 986 Afrum
943 918 1168 1003 Demetrium,
1179 939 1279 1010 quern
1295 939 1373 984 mo·

299 1026 458 1112 riturum,
480 1047 553 1093 sero
570 1023 686 1106 nimis,
705 1019 856 1091 libertate
870 1022 1023 1110 donavit,
1039 1021 1080 1090 ilc
1094 1046 1183 1115 quo,
1201 1023 1238 1108 I,
1253 1044 1316 1091 cu.

420 1167 474 1226 Illa
484 1185 586 1225 manus
598 1165 746 1243 quondam
757 1166 919 1225 studiorum
932 1165 990 1224 lida
1000 1183 1147 1235 meorum,

459 1263 495 1318 Et
510 1257 577 1316 felix
592 1255 724 1330 domino,
736 1270 862 1334 notaque
874 1254 1043 1316 Caesaribus.

303 1403 407 1473 Gravi
421 1402 539 1470 morbo
558 1397 658 1470 semel
679 1400 857 1487 duntaxat,
873 1401 952 1472 durn
972 1403 1088 1472 Rornae
1107 1403 1206 1487 vixit,
1222 1413 1375 1470 tentatus

303 1522 371 1595 est,
393 1509 493 1594 Vlll,
509 1531 602 1575 xxv:

499 1663 606 1722 vidisti
616 1665 719 1736 semel,
732 1668 883 1744 Oppiam,
897 1679 1006 1726 tanturn
1041 1663 1043 1668 ’

502 1760 621 1833 AEgrum
633 1775 679 1813 me
692 1757 766 1814 male
777 1780 784 1813 :
797 1776 873 1836 saepe
885 1771 914 1815 te
927 1758 1042 1816 videbo.

304 1908 377 1976 Lib.
391 1909 462 1992 vt,
478 1905 712 1998 nv111,sejam
733 1930 838 2001 prope
854 1905 1094 1976 conclamatum
1111 1909 1177 1974 ait:

385 2066 411 2121 0
428 2077 514 2137 quam
527 2034 609 2138 paene
624 2059 676 2118 tibi
689 2061 802 2137 Stygias
817 2080 871 2138 ego
889 2074 988 2140 raptus
1003 2062 1039 2120 ad
1054 2062 1161 2133 undas,

423 2151 526 2229 Elysiae
542 2151 601 2209 vidi
616 2151 715 2210 nubila
730 2153 809 2211 lusca
823 2154 929 2230 plagae!

359 2305 551 2374 Domitiano
570 2305 720 2390 sublato,
738 2305 917 2373 Parthenio
932 2307 1113 2374 Maecenate
1131 2309 1237 2375 amico
1262 2305 1377 2376 aulico

307 2437 327 2480 a
344 2409 498 2479 militibus
521 2410 715 2496 interfecto,
730 2436 831 2503 quum
851 2411 940 2506 apud
958 2411 1103 2480 Nervam
1122 2435 1257 2505 parum,
1281 2413 1374 2506 apud

307 2517 485 2610 Traianum
503 2515 582 2584 nihil
595 2530 726 2610 posset,
747 2541 855 2586 rerum
873 2515 1075 2585 urbanarum
1094 2517 1190 2586 taedio
1205 2515 1373 2604 allectus,
1403 2563 1404 2606 3

306 2621 501 2718 urgentibus
511 2623 579 2716 jam
593 2622 690 2691 taedio
705 2635 737 2690 et
752 2617 846 2710 latis,
860 2623 999 2717 patriam
1015 2624 1185 2716 repetivit,
1199 2623 1232 2689 in
1247 2645 1377 2715 eaque,

308 2729 461 2799 confecto
483 2753 543 2822 per
557 2730 734 2797 triennium
753 2726 838 2798 libro
853 2727 1072 2815 duodecimo,
1086 2743 1211 2797 naturae
1231 2751 1376 2796 conces-

309 2836 376 2903 sit:
399 2858 506 2926 neque
527 2835 613 2902 enim
633 2849 699 2902 tam
724 2849 851 2928 gratam
874 2849 908 2903 et
930 2859 1063 2903 suavem
1079 2836 1200 2918 vitarn,
1218 2857 1316 2927 quam
1341 2835 1377 2902 in

308 2941 414 3034 patria
444 2939 610 3032 speravit,
635 2940 787 3026 invenit3
817 2943 919 3008 immo
946 2938 1139 3009 aemulorum
1165 2941 1377 3033 municipum

309 3044 408 3113 dente
421 3042 582 3113 laceratus
598 3044 743 3131 assidue,
757 3069 796 3113 cx
810 3045 1020 3139 aegritudine,
1033 3045 1154 3132 credo,
1170 3047 1271 3114 animi
1284 3069 1378 3113 mor-

308 3150 389 3218 bum
416 3151 589 3244 concepit,
612 3164 645 3219 et
664 3152 769 3246 periit.
791 3151 877 3219 Nam
900 3149 1010 3244 paullo
1033 3165 1124 3247 post,
1144 3151 1214 3243 ejus
1233 3165 1379 3219 mortem

308 3254 432 3324 Plinius
445 3254 587 3350 eleganti
606 3256 647 3324 ad
669 3259 820 3326 Priscum
834 3255 971 3352 epistola
986 3257 1190 3352 deploravit,
1212 3256 1380 3350 simulque

306 3361 399 3430 velut
419 3361 571 3430 funebria
591 3361 760 3456 persolvit.
782 3367 899 3431 Forma
922 3364 988 3431 oris
1015 3378 1048 3431 et
1071 3386 1154 3432 voce
1179 3363 1264 3431 virili
1290 3361 1381 3452 fuit,

306 3465 414 3560 piloso
437 3483 471 3536 et
491 3469 618 3537 hirsuto
644 3493 804 3562 corpore,
825 3484 863 3537 ut
884 3468 937 3537 illa
959 3493 1038 3562 gens
1061 3469 1256 3563 plerumque
1280 3466 1380 3536 solet.

307 3575 382 3640 Hoc
396 3573 499 3642 Poeta
516 3573 680 3661 ostendit,
694 3599 795 3667 quum
814 3577 863 3662 X,
882 3600 963 3661 axv,
977 3577 1233 3644 Carmenionem
1247 3575 1356 3667 carpit
1371 3627 1382 3660 ,

309 3703 408 3771 seque
430 3681 536 3775 ipsum
559 3679 729 3773 depingit:
1403 3725 1404 3768 ,

526 3836 661 3913 Hispanis
673 3856 727 3915 ego
739 3851 893 3896 contumax
906 3838 1030 3915 capillis,

529 3928 653 3986 Hirsutis
669 3949 722 4006 ego
738 3927 872 3988 cruribus
886 3929 1031 4007 genisque.

528 4023 569 4076 Os
583 4017 702 4079 blaesum
716 4022 783 4094 tibi,
796 4021 958 4100 debilisque
973 4023 1070 4099 lingua
1085 4036 1144 4080 est:

528 4111 619 4169 Nobis
633 4114 689 4171 lilia
706 4115 808 4173 lortius
823 4116 964 4191 loquetur.
