2838 4918
402 398 568 464 inira
598 397 822 466 alnnnus.
1052 351 1149 470 mh

141 530 345 623 scripserunt
360 527 510 598 eamdem
520 528 681 598 Martialis
695 530 797 598 vitam
813 525 1008 598 Calderinus
1017 531 1148 624 ,Sipon-

86 636 191 721 tinus,
204 636 369 730 Georgius
381 633 642 721 Alexandrinus,
658 633 776 704 Petrus
789 633 952 718 Crinitus,
968 633 1068 704 etalii
1083 636 1145 706 hos

20 747 21 788 ἒ
84 742 223 833 sequuti.
244 742 316 810 Nos
331 765 372 810 ex
389 742 462 834 ipso
478 737 632 809 Martiale
648 737 836 809 Martialem
850 737 1015 810 voluimus
1028 741 1144 836 depin-

83 869 168 938 gere.
191 847 266 915 Hoc
281 847 444 916 mantissa
459 845 534 916 loco
547 845 724 934 addamus,
742 843 938 940 quibusdam
958 845 1145 918 Martialem

84 952 187 1020 visum
208 975 280 1022 esse
296 977 400 1047 prope
417 951 653 1022 Christianum.
673 953 794 1044 Accipe
816 976 856 1020 ex
881 949 1066 1045 periphrasi
1092 977 1143 1022 se·

80 1055 188 1124 crrnda
208 1057 376 1127 luvenalis
397 1055 540 1128 Claverii
557 1059 682 1127 verba:
703 1086 720 1121 α
737 1059 862 1126 Scitum
878 1071 928 1125 est
944 1081 1042 1143 vero,
1054 1061 1144 1128 Mar·

19 1229 20 1258 p
80 1160 188 1232 tialern
210 1189 280 1233 non
304 1165 447 1234 invisum
468 1187 539 1234 esse
565 1163 775 1247 christianis3
797 1187 875 1232 nam
899 1161 1082 1234 Pudentem
1110 1179 1146 1234 et
1207 1239 1211 1258 .

19 1319 21 1368 p
80 1267 271 1352 Claudiam,
281 1293 343 1364 par
354 1266 464 1339 nobile
477 1293 517 1338 ac
529 1269 626 1338 beato
635 1268 751 1338 Paullo
761 1267 1055 1361 jucundissimum,
1068 1267 1145 1363 plu·

19 1375 20 1436 l
80 1377 167 1443 rimis
181 1377 217 1444 in
235 1373 351 1444 caelurn
368 1373 519 1445 laudibus
537 1375 643 1444 ell'ert.
666 1379 714 1445 Ac
734 1399 826 1469 paene
844 1397 1006 1469 auguror,
1025 1389 1145 1444 tremu-

19 1497 21 1584 ι
80 1479 145 1548 lum
163 1479 342 1574 quemdam
361 1479 437 1552 solis
450 1483 564 1550 aeterni
578 1480 802 1552 radiusculurn
820 1481 872 1548 isti
889 1493 995 1574 poetae
1009 1480 1143 1550 tandem

78 1585 260 1656 affidsisse:
278 1585 354 1656 licet
367 1585 461 1682 plura
474 1587 545 1682 ejus
558 1585 610 1655 vel
626 1588 737 1681 priora
752 1588 787 1654 in
803 1584 969 1654 lasciviam
985 1600 1143 1679 vergant,

19 1753 20 1766 ,
79 1707 114 1760 ut
132 1691 234 1760 bodie
250 1691 363 1762 multis
377 1693 561 1764 christianis
577 1692 761 1786 contigit».
778 1694 850 1786 Ego
866 1704 976 1758 tamen
994 1690 1143 1760 nondum

79 1797 233 1882 inducor,
252 1812 292 1866 ut
310 1798 376 1868 hoc
396 1799 438 1867 ad
453 1801 600 1868 animum
615 1797 808 1884 admittam,
826 1797 889 1866 nisi
904 1796 984 1865 mihi
1000 1798 1144 1866 sanctior

19 1891 21 1928 ³
78 1919 110 1971 et
130 1893 256 1973 certior
280 1906 371 1974 testis
393 1904 520 1974 tabulas
544 1904 622 1974 alias
644 1904 818 1991 exhibeat,
837 1901 928 1996 quod
949 1903 1026 1988 hic,
1044 1927 1143 1996 quem

77 2008 217 2098 adduxi,
232 2023 301 2078 tam
317 2008 454 2080 idoneus
469 2025 503 2080 et
515 2025 647 2082 sanctus
666 2008 836 2095 videatur,
852 2032 951 2101 quam
967 2009 1037 2104 ipse
1052 2009 1143 2077 Mar·

76 2115 160 2184 tialis
182 2130 242 2184 est
261 2116 394 2186 Pudens
415 2131 525 2186 autem
546 2115 601 2186 ille
618 2130 653 2184 et
670 2113 823 2203 Claudia,
845 2139 930 2208 quos
952 2116 983 2184 S.
1009 2110 1142 2185 Paullus

75 2219 203 2290 salvere
223 2222 337 2315 jubet,
359 2247 426 2290 non
453 2222 607 2291 videntur
627 2223 672 2308 ii,
697 2246 780 2316 quos
804 2218 964 2289 Martialis
987 2205 1141 2290 celebrat.

74 2329 149 2396 Fuit
167 2329 256 2396 enirn
277 2329 315 2397 A.
337 2324 468 2398 Pudens
484 2327 662 2414 Martialis,
680 2329 830 2396 centurio
852 2324 1011 2420 profanus
1025 2340 1058 2395 et
1070 2329 1141 2394 En-

73 2433 176 2528 colpo
211 2459 316 2530 puero
351 2435 589 2528 transcriptus,
621 2458 688 2502 non
719 2430 947 2526 philosophus.
978 2432 1140 2500 Praeterea

75 2538 183 2607 multo
205 2537 268 2608 illis
284 2538 320 2608 hi
333 2540 500 2633 juniores,
522 2539 563 2608 de
582 2539 702 2634 quibus
720 2541 780 2624 lv,
803 2561 888 2622 xnr,
912 2536 1050 2631 plenius.
1074 2539 1142 2606 Pu·

73 2645 157 2714 dens
173 2645 293 2739 hospes
308 2647 340 2714 S.
358 2646 448 2714 Petri
466 2644 590 2714 ordinis
605 2645 673 2738 jam
697 2658 768 2711 tum
787 2644 960 2726 senatorii,
978 2666 1045 2709 non
1063 2667 1140 2710 cen-

75 2753 174 2820 turio.
196 2749 327 2820 Fabulis
346 2777 425 2846 ergo
446 2752 593 2846 gemina,
614 2775 686 2843 quae
708 2762 845 2817 narrant
863 2747 1058 2817 Britannica
1077 2771 1139 2819 an·

74 2859 264 2954 tiquitates,
282 2881 302 2928 a
325 2859 457 2953 nuperis
478 2856 693 2952 scriptoribus
714 2856 925 2924 concinnatae.

423 3175 809 3212 ψ
