2838 4918
343 445 529 515 ΜΑΤΤΙΙ.
558 449 813 516 RADERUS.
938 475 939 482 ¹
1055 479 1117 522 xxi

63 578 178 646 Padnm
200 591 430 671 nuncupatur,
455 577 564 671 ibique
586 577 805 650 nobilissimas
826 580 924 650 urbes
946 579 1116 654 lustravit:

63 687 174 752 Forum
201 681 347 752 Cornelii
370 707 428 752 seu
449 683 609 770 lmolam,
632 683 719 754 unde
743 688 876 756 tertium
899 690 1117 783 epigramma·

63 806 126 858 tum
140 789 259 858 librum
277 790 403 876 emisit,
415 804 453 859 ut
467 791 535 876 111,
552 815 563 858 r
576 804 609 860 et
621 815 656 860 tv
671 792 785 860 scribit
799 817 807 860 ι

132 957 194 1013 noc
210 951 429 1029 tibi,quidquid
446 953 475 1011 id
488 965 546 1024 est,
558 953 721 1031 longinquis
737 955 822 1014 mittit
836 955 873 1014 ab
889 958 948 1016 oris

170 1046 280 1116 Gallia,
296 1049 432 1104 Romame
444 1045 561 1102 nomine
578 1045 654 1102 diem
670 1059 759 1124 togae3

65 1209 125 1273 Et:

129 1373 176 1442 Si,
189 1369 295 1448 quibus
310 1373 338 1430 ia
353 1372 451 1441 terris,
465 1391 522 1450 qua
536 1373 623 1432 simus
637 1375 667 1430 in
684 1373 756 1433 urbe
772 1373 900 1452 rogabit,

168 1463 286 1521 Corneli
302 1463 409 1520 referas
423 1483 469 1520 me
483 1464 549 1520 licet
562 1483 622 1521 esse
638 1465 722 1535 loro;

62 1634 243 1700 Ravennam
261 1633 355 1717 item,
368 1631 446 1702 elim
465 1646 565 1726 capnt
582 1633 708 1718 Piceni,
728 1649 764 1704 ut
781 1649 873 1702 vetus
891 1635 990 1704 docet
1003 1639 1116 1706 inseri·

16 1729 17 1808 l
61 1741 138 1828 plin,
155 1751 189 1806 et
211 1740 244 1804 in
260 1741 465 1808 Venetorum
487 1763 569 1833 agro
590 1737 754 1824 Altinum,
775 1742 823 1810 uti
843 1754 876 1809 et
892 1743 1063 1810 Patavium
1084 1759 1117 1811 et

16 1913 18 1956 ἱ
61 1842 252 1936 Aquileiam,
269 1857 330 1912 etc.
355 1843 537 1937 Aquileiam
561 1845 634 1913 Feri
662 1844 739 1914 Julii
759 1848 949 1939 primariam
978 1849 1116 1934 urbcrn3

16 1971 17 2060 q
59 1974 121 2039 qua
140 1951 289 2018 civitates
311 1949 394 2019 adeo
408 1951 518 2018 Poetae
542 1952 703 2036 arrisere,
718 1965 755 2020 ut
777 1955 984 2023 constituerit
1008 1969 1114 2024 extre-

61 2079 136 2123 mam
164 2055 228 2124 illis
252 2070 382 2125 atatem
405 2079 600 2126 consecrare
624 2083 632 2123 :
657 2059 703 2128 sic
725 2059 834 2140 enim,
857 2061 917 2144 lv,
942 2083 1051 2146 xxiv,
1069 2075 1114 2129 te·

60 2174 185 2229 statur:

134 2367 242 2384 ......
250 2345 302 2384 vos
314 2326 393 2384 eritis
409 2341 529 2398 nostrae,
544 2329 715 2405 requiesque
727 2342 864 2400 senecta,

167 2419 199 2476 Si
208 2419 282 2495 juris
293 2418 400 2476 suerint
412 2419 471 2476 otia
482 2432 580 2477 nostra
592 2420 646 2477 sui.

102 2590 224 2657 Amicis
242 2614 320 2658 usus
335 2603 401 2674 est,
415 2603 534 2683 praeter
548 2591 711 2676 Caesares,
727 2588 842 2671 claris,
861 2604 893 2658 et
907 2589 1116 2682 potentibus,

62 2711 87 2760 et
104 2694 240 2764 multis:
262 2695 443 2777 Stertinio,
460 2719 559 2788 quem
578 2696 712 2765 Avitum
734 2708 848 2780 vocat,
871 2696 1039 2780 Deciano,
1060 2698 1114 2767 Li·

60 2803 200 2890 ciniano,
223 2798 341 2887 Stella,
360 2802 505 2894 Nepote,
525 2803 641 2895 Lupo,
660 2799 766 2870 Plinio
783 2800 938 2892 juniore,
958 2800 1115 2902 Cornelio

61 2909 186 2992 Prisco,
215 2905 304 2977 lulio
327 2905 505 2994 Martiale,
535 2905 665 3002 Regulo
700 2921 859 2993 oratore,
889 2905 1115 2996 Quintiliano,

60 3016 196 3101 Quinte,
210 3013 348 3099 Ovidie,
363 3011 538 3096 Juvenale,
555 3012 688 3086 Valerio
705 3012 844 3098 Flacco,
863 3012 961 3098 Silio,
983 3015 1114 3083 Parthe-

60 3121 105 3186 nio
128 3132 396 3213 tyrannoctono,
414 3118 549 3214 aliisque
572 3117 816 3213 compluribus,
834 3144 917 3213 quos
940 3121 1061 3212 passim
1081 3123 1115 3186 in

60 3227 116 3294 suis
134 3225 227 3294 libris
245 3226 375 3293 artemis
393 3240 490 3294 ornat
501 3223 625 3318 elogiis.
642 3228 694 3294 De
708 3225 812 3294 Statio
828 3226 992 3294 mirantur
1005 3225 1115 3319 aliqui,

60 3355 153 3422 quum
175 3331 293 3400 eodem
317 3345 465 3427 tempore
487 3331 643 3416 vixerint,
664 3331 749 3400 idem
776 3356 861 3424 sepe
883 3345 1114 3424 argumentum

61 3439 244 3524 tractarint,
266 3437 398 3507 eosdem
421 3439 545 3506 amicos
567 3434 752 3524 coluerint,
773 3463 835 3506 cur
855 3435 945 3506 nulla
966 3439 1116 3508 amicitiae

60 3559 130 3612 nota
152 3545 239 3612 inter
253 3544 315 3613 hos
336 3558 450 3614 exstet.
467 3546 520 3612 An
539 3542 629 3638 quod
650 3541 740 3611 nulla
760 3542 932 3637 singularis
954 3544 1039 3612 inter
1059 3569 1115 3612 eos

60 3649 260 3718 necessitudo
280 3664 313 3717 et
338 3673 417 3718 usus
434 3651 509 3718 vitae
528 3649 773 3718 intercesserit?
793 3673 836 3718 an
856 3648 986 3718 occulta
1005 3648 1114 3743 aliqua

59 3753 237 3824 dissensio?
249 3779 292 3822 an
305 3757 512 3848 ingeniorum
533 3753 658 3841 studia,
674 3780 797 3841 mores,
814 3770 940 3824 naturae
958 3754 1118 3824 diversae?

60 3885 93 3928 an
109 3861 200 3956 qued
214 3862 336 3929 Statius
356 3859 459 3946 celer,
479 3876 512 3929 ct
536 3885 621 3956 saepe
636 3860 865 3956 extemporalis
880 3886 984 3956 prope
999 3875 1111 3954 poeta,

61 3982 90 4034 nt
110 3993 149 4035 ex
171 3965 334 4036 Silvarum
359 3966 603 4062 prefationibus
624 3967 739 4054 discis,
763 3969 871 4036 subito
895 3965 1116 4060 gratularetur

63 4073 105 4140 rel
124 4075 287 4168 Principi,
304 4098 406 4166 quum
422 4072 544 4167 aliquid
561 4075 638 4142 novi
656 4074 707 4143 vel
723 4075 860 4159 accidit,
877 4072 927 4140 vel
944 4071 1114 4139 eonditum

919 4189 961 4270 bd
