2838 4918
19 447 21 540 t
203 438 270 504 DE
297 435 401 504 ING.
430 438 491 504 ET
518 438 666 504 OPER.
696 436 1002 504 MARTIALIS.
1058 459 1131 504 xxv

79 583 143 636 tum
169 568 336 638 memorias
361 581 431 654 est,
451 591 492 634 eo
518 591 620 660 usque
646 566 845 637 delectatum
865 563 984 636 AElium
1004 569 1131 636 Verum

77 677 302 768 imperatorem
314 673 402 744 unici
416 674 696 768 epigrammatarii
710 672 892 760 versiculis,
904 687 941 741 ut
951 697 1029 742 eum
1039 697 1144 767 mire,

78 779 181 864 domi,
205 781 239 846 in
269 779 348 866 viis,
367 780 402 846 in
423 781 556 865 castris,
581 779 643 848 sub
661 777 845 873 pulvinari,
863 781 957 873 quasi
982 777 1134 860 manuale

78 884 254 979 quoddam,
274 885 449 979 Epicteteo
471 908 550 954 sane
569 886 734 980 jocosius,
756 884 1008 954 circumferret:
1035 911 1136 979 porro

78 993 131 1060 etsi
149 989 326 1085 aliquando
348 988 463 1084 aliquis
477 991 552 1085 jure
571 1017 631 1061 suo
649 989 682 1060 id
698 989 871 1078 effuderit,

232 1152 403 1212 muriculis
420 1153 493 1212 asini
506 1153 587 1215 ttida
600 1172 651 1211 rex
665 1151 791 1225 habeti,¹

80 1317 160 1388 baud
172 1317 338 1386 immerito
354 1341 416 1386 nos
430 1341 507 1385 eum
522 1315 605 1402 alio,
623 1330 656 1385 et
678 1341 718 1386 eo
734 1317 844 1386 minus
859 1319 998 1402 tetrico,
1013 1329 1138 1409 satyro·

80 1424 224 1518 grapho,
238 1447 454 1516 reponemus:

19 1787 20 1818 l
80 1751 112 1817 C.
128 1747 266 1818 Sollium
286 1746 457 1818 Sidonium
466 1746 692 1842 Apollinarem
703 1760 863 1842 praterea
881 1749 1051 1840 utriusque
1069 1771 1141 1816 sen·

81 1856 184 1924 unbae
197 1853 374 1950 suffragari
388 1879 456 1924 non
470 1852 654 1939 silendum,
666 1854 741 1947 qui,
760 1867 797 1922 ut
810 1877 929 1948 parum
945 1877 1142 1924 numerosus

19 2007 20 2048 ,
81 1975 111 2029 et
126 1961 233 2032 fluens
256 1962 291 2030 in
315 1960 507 2045 scribendo,
527 1962 571 2030 ita
593 1958 823 2053 injudicando
843 1974 1018 2029 accuratus
1036 1974 1071 2030 et
1091 1983 1141 2028 sa·

81 2091 155 2160 gax,
179 2067 367 2136 Martialem
396 2068 436 2136 iis
457 2081 655 2139 annumerat
674 2067 794 2162 quibus
816 2067 975 2160 Hispania
1001 2068 1142 2136 maxime

80 2159 302 2266 gloriabatur³
318 2199 326 2241 :
342 2172 526 2268 protulerat
537 2187 649 2245 tamen
665 2176 839 2244 Lucanum
853 2187 887 2242 et
905 2173 989 2242 duos
1003 2175 1144 2242 Senecas

81 2281 261 2375 Hispania,
278 2281 335 2374 qui
361 2279 478 2350 iisdem
505 2280 574 2348 fere
601 2277 806 2374 temporibus
830 2278 1025 2373 eloquentia
1047 2276 1144 2350 simul

81 2400 111 2455 et
130 2386 317 2456 carminum
340 2387 505 2481 principes
526 2385 753 2472 habebantur,
767 2401 801 2454 et
819 2384 921 2456 ltaliae
941 2387 1019 2481 ipsis
1035 2387 1071 2453 in
1086 2411 1143 2480 pe.-

81 2491 276 2578 netralibus,
312 2493 419 2586 patrio
446 2493 579 2587 ingenio
610 2491 740 2577 fidelos,
759 2491 924 2562 Ibericum
956 2477 1143 2586 ingenium,

83 2599 242 2667 Ibericam
264 2599 331 2664 vim
351 2621 506 2691 poeseos,
527 2612 561 2666 et
580 2601 673 2693 quasi
693 2598 856 2668 lbericam
880 2595 1050 2666 literarum
1071 2596 1145 2666 offi-

152 1585 356 1665 tPrincipibus
369 1587 511 1664 placuisse
526 1587 595 1646 viris
610 1608 671 1645 non
685 1587 786 1644 ultima
801 1587 863 1645 laus
876 1595 965 1644 est.»²

86 2706 187 2772 cinam
208 2703 418 2772 exhibebant.
432 2706 511 2772 Haec
525 2704 658 2798 quidem
673 2703 753 2772 olim
772 2718 806 2771 et
821 2718 897 2772 ante
909 2705 1032 2796 jactata
1046 2727 1146 2796 quam

87 2811 273 2879 aBarbaris
291 2811 479 2878 Caesareum
498 2811 673 2904 imperium
690 2808 887 2896 velleretur,

283 2974 442 3032 «Incolumi
455 2979 529 3032 Jove
542 2987 571 3031 et
584 2973 657 3032 urbe
671 2969 813 3046 Roma»,l

87 3138 274 3231 vigescente
302 3137 484 3207 etiamnum
518 3138 637 3206 latinu
663 3137 793 3232 lingna,
812 3151 845 3205 et
874 3136 943 3204 fere
969 3135 1011 3204 ab
1041 3159 1149 3227 aequa-

88 3239 178 3312 libus.
202 3241 270 3310 Ubi
288 3256 398 3312 autem
416 3256 493 3338 post
509 3258 621 3314 aetates
639 3242 759 3314 multas
781 3241 891 3312 denuo
912 3257 1056 3310 artesae
1075 3239 1148 3310 lite·

88 3373 129 3415 rae
152 3373 171 3416 e
195 3347 355 3443 sepulcris
379 3351 444 3419 suis
466 3374 629 3418 emersere
658 3349 836 3435 inlunem,
858 3371 919 3442 par
944 3347 1070 3432 bonos,
1091 3370 1151 3440 par
1207 3336 1210 3344 .

89 3477 200 3540 amor,
224 3478 284 3550 par
309 3453 484 3526 admiratio
505 3456 692 3525 Martialem
720 3453 920 3526 circumfusa
952 3468 1020 3535 est,
1044 3477 1152 3546 neque

19 3531 20 3624 l
91 3559 294 3649 laudatores,
319 3577 530 3631 annotatores
555 3578 588 3632 et
610 3565 804 3657 interpretes
834 3562 864 3629 ei
890 3561 994 3655 magis
1017 3559 1152 3628 defuere

91 3691 188 3758 quam
197 3665 305 3736 Tullio
320 3683 352 3736 et
366 3669 507 3738 Maroni.
517 3659 609 3754 (Vid.
620 3669 768 3762 adhujus
782 3668 1019 3740 dissertationis
1027 3666 1153 3737 calcem

135 3860 476 3924 r.Pers.sat.l,vs.1ar.

134 3958 159 3988 2.
171 3937 264 3992 Horat.
275 3938 352 4011 epist.
364 3941 392 4004 1,
407 3957 452 4009 17,
464 3959 502 3992 vs.
517 3940 562 3994 35.

135 4017 263 4070 astrion.
276 4018 394 4089 Apollin.
409 4020 435 4070 in
450 4019 559 4071 cannin.
572 4021 611 4072 lx
623 4033 649 4072 et
662 4022 763 4076 xxtlt.

135 4103 160 4159 d.
177 4097 269 4151 Horat.
284 4098 328 4150 lib.
344 4099 397 4159 111.
410 4097 455 4152 od.
468 4119 492 4158 v,
505 4100 609 4170 stroph.
623 4100 654 4165 3,
665 4119 701 4153 vs.
717 4102 802 4153 ultim.
