2838 4918
283 459 347 524 ΕΤ
374 459 645 526 OPERIBUS
672 457 978 526 MARTtALts.
1043 481 1158 526 xxxix

147 588 301 658 Placetne
319 613 358 656 ex
380 589 586 682 grandisonis
603 604 636 658 et
654 587 813 672 excelsis,

358 777 465 794 ......
472 735 535 814 apis
550 735 667 792 Mutine

410 836 495 889 More
509 831 670 910 modoque,
680 843 687 868 ¹

88 975 132 1042 ad
157 976 373 1044 minutissima
398 1000 535 1069 quaeque
558 973 713 1069 degredi?
732 973 777 1042 nil
800 973 904 1044 levius
928 989 1018 1043 certe
1039 975 1077 1043 iis
1101 999 1155 1044 sa-

88 1079 196 1166 libus,
214 1083 270 1174 qui
290 1083 324 1148 in
341 1081 497 1176 ambiguo
512 1081 691 1150 verborum
712 1104 811 1149 sensu
829 1103 968 1149 acumen
988 1094 1156 1174 quaerunt,

86 1201 122 1256 et
147 1211 235 1281 saepe
262 1185 308 1254 nil
328 1187 563 1274 miserabilius,
582 1185 627 1254 nil
655 1184 811 1281 putidius.
828 1186 1007 1256 Videamus
1035 1209 1078 1254 an
1102 1186 1156 1255 hic

88 1293 215 1361 Noster
234 1292 391 1386 insipidus
414 1291 492 1380 fian
507 1307 540 1362 et
567 1292 608 1361 de
630 1318 669 1362 eo
688 1290 886 1376 dicendum,
900 1292 990 1386 quod
1016 1291 1057 1360 de
1082 1294 1155 1360 De-

89 1398 265 1468 mosthene
276 1397 516 1487 Quintilianus,
530 1423 597 1468 non
612 1397 816 1493 displicuisse
829 1395 874 1466 illi
886 1399 997 1492 jocos,
1011 1396 1069 1467 sed
1087 1421 1155 1467 non

88 1506 274 1598 contigisse.
292 1503 392 1573 Haud
409 1505 561 1598 equidem
581 1506 785 1600 epigramma
809 1504 992 1598 proferam,
1007 1503 1097 1598 quod
1119 1503 1155 1572 li·

88 1609 208 1679 hidinis
227 1634 295 1679 uua
315 1625 349 1679 et
366 1612 511 1680 avaritiae
532 1611 689 1682 feminam
706 1609 885 1705 quamdam
905 1609 1096 1679 insimulans
1117 1611 1155 1678 iis

89 1715 200 1785 verbis
219 1716 400 1785 clauditur:

254 1901 520 1922 ..............
527 1863 571 1922 vis
584 1862 668 1934 dare,
682 1883 736 1921 nec
747 1861 818 1920 dare
830 1863 873 1921 vis
885 1883 891 1918 :
904 1875 914 1902 ²

87 1999 226 2066 nimium
245 1999 332 2067 enim
348 1999 524 2066 obscoenus
540 2013 591 2066 est
608 1995 787 2066 versiculus
806 1999 909 2091 prior,
925 2020 1025 2090 quum
1045 2013 1082 2066 ut
1097 1995 1152 2064 hic

87 2118 263 2190 exaretur,
286 2103 343 2174 sed
369 2103 452 2192 hoc,
471 2103 559 2198 quod
584 2104 662 2172 huic
682 2103 764 2172 falso
784 2103 975 2196 abjudicant
999 2102 1153 2197 paedago-

86 2209 155 2302 guli
168 2202 348 2302 δοξόσοφοι,
363 2235 465 2305 quum
479 2207 649 2304 elegantiae
663 2234 731 2278 non
743 2235 860 2304 expers
874 2211 931 2298 sit,
945 2223 977 2278 ct
988 2209 1103 2280 eodem
1119 2211 1153 2274 in

88 2317 191 2385 verbo
210 2315 324 2385 luserit
340 2301 545 2386 luvenalis³:

205 2482 278 2541 Milo
293 2482 443 2540 dominon
459 2496 517 2552 est;
533 2502 653 2562 peregre
667 2482 777 2541 Milone
793 2483 927 2560 prolecto

248 2585 325 2637 Arva
340 2592 441 2637 vacant
453 2603 459 2635 :
471 2599 546 2637 rixor
559 2599 617 2637 non
633 2581 727 2638 miuus
742 2579 809 2636 iude
822 2579 908 2657 parit.

206 2681 267 2736 Cur
278 2677 315 2734 sit
328 2695 396 2754 ager
407 2675 526 2747 sterilis,
538 2696 591 2734 cur
604 2695 680 2734 uxor
691 2675 817 2746 lectitet,
832 2675 933 2744 edam;

240 2775 313 2844 ’0υο
329 2771 455 2830 fodiatur
470 2791 538 2848 ager
550 2791 609 2828 non
622 2769 725 2842 babet,
739 2789 814 2828 uxor
825 2768 943 2828 habet.l

88 2917 183 2984 lubet
198 2915 263 2983 hoc
279 2912 365 2983 illius
380 2913 584 2997 meminisse,
597 2936 664 3007 quo
680 2935 817 2980 uxorem
832 2929 964 3006 quoquc
980 2908 1147 3005 negligen-

89 3025 125 3089 tis
148 3021 258 3088 mariti
276 3017 514 3113 aliquantulum
535 3033 650 3106 vexat,
666 3018 723 3088 sed
743 3019 898 3086 maritum
922 3019 1109 3112 praecipue:

205 3175 355 3251 Crispulus
366 3173 419 3231 iste
433 3173 498 3250 quis
511 3185 569 3244 est,
582 3173 668 3230 uxori
682 3191 797 3249 sempor
810 3171 938 3230 adhaeret

245 3270 318 3343 Qui,
331 3269 477 3339 Mariano,
490 3271 567 3326 tuae?
577 3268 719 3346 crispulus
731 3269 783 3326 iste
794 3270 859 3345 quis
869 3271 937 3326 estl‘

202 3367 308 3426 Nescio
321 3367 392 3444 quid
404 3365 528 3425 dominae
543 3379 670 3424 teneram
684 3365 735 3442 qui
748 3365 838 3442 garrit
852 3367 991 3424 inaurem
1005 3407 1015 3434 ,

243 3468 277 3520 Et
291 3464 388 3522 sellam
400 3460 500 3521 cubito
513 3462 676 3521 dexteriore
689 3461 813 3540 premit?

128 3643 151 3677 ι.
162 3623 255 3676 Horat.
266 3621 314 3674 lib.
328 3622 379 3686 IV,
389 3620 442 3674 Od.
458 3639 496 3685 rr,
513 3623 561 3674 28.

126 3723 149 3754 a.
162 3703 221 3754 Lib.
235 3703 302 3766 Vll,
312 3703 394 3772 epigr.
406 3719 484 3756 cxxv.

125 3783 150 3834 3.
161 3783 225 3834 Jnv.
242 3779 295 3834 Sat.
309 3783 412 3846 1X,vs.
432 3782 478 3844 45.

200 3876 316 3915 Servuserit
325 3877 389 3914 minus
399 3875 430 3914 illc
441 3876 509 3920 miser.
519 3877 553 3928 qui
561 3875 631 3914 lodorii
643 3888 710 3926 agrum
721 3901 725 3916 .
739 3865 743 3872 ⁴

201 3948 263 3993 uum
277 3946 378 3984 dominum
392 3945 396 3982 !

128 4051 150 4104 d.
162 4041 219 4098 Lib.
231 4043 301 4108 Vll,
313 4041 394 4112 epigr.
406 4060 455 4094 mr.
