2838 4918
290 435 352 482 xa
459 413 525 480 oa
553 414 722 482 nvnc.
751 395 1045 488 Mantuanis
1073 422 1196 490 tura

289 547 352 631 IV,
374 542 534 614 Caracalli
554 567 739 639 percussor.
761 548 813 615 De
826 547 972 618 kalendis
990 553 1119 620 Martiis
1136 555 1244 622 Poetae
1263 570 1360 624 nata·

182 679 189 688 ·
289 648 365 718 litiis
382 651 428 718 ita
445 652 493 736 X,
514 653 581 736 24,
599 650 760 722 Martialis
775 652 845 746 ipse
860 657 970 737 canit,

485 815 604 874 Natales
620 815 691 873 milri
706 817 819 875 Martiae
835 819 989 892 Kalendae,

485 913 550 966 Lux
566 907 720 966 formosior
735 909 871 968 omnibus
886 912 1032 971 Kalendis.

288 1086 321 1140 et
339 1070 395 1140 lib.
411 1069 544 1156 eodem,
563 1071 666 1164 epigr.
684 1093 780 1141 xcu:

443 1239 567 1293 Martem
581 1253 711 1292 mearum
725 1234 886 1328 principem
900 1237 1106 1298 Kalendarum.

339 1399 474 1490 Coquus
493 1394 585 1465 audit
599 1396 688 1490 apud
710 1397 939 1492 Lampridium
955 1401 990 1468 in
1007 1400 1194 1472 Alexandro
1209 1405 1350 1476 Severo:

221 1567 230 1590 ,
288 1533 305 1569 a
326 1503 374 1572 Ut
388 1500 550 1572 Martialis
565 1503 690 1596 Coqui,
706 1507 826 1597 lnquit,
842 1506 1047 1600 epigramma
1063 1509 1245 1603 significat,
1259 1515 1352 1604 quod

284 1624 400 1681 contra
415 1607 591 1703 quamdam
606 1606 745 1677 Gelliam
761 1611 892 1704 scripsit
903 1611 1093 1706 hujusmodi
1106 1639 1113 1681 :
1130 1616 1244 1702 Quum
1262 1615 1352 1712 lepo-

283 1741 353 1786 rem
374 1716 486 1786 mittis.
505 1745 522 1779 »
544 1717 698 1808 Coquum
713 1715 790 1783 item
810 1715 954 1811 appellat
969 1721 1113 1788 Ioannes
1130 1721 1348 1792 Sarisberien-

283 1825 342 1910 sis,
363 1821 417 1892 lib.
437 1822 542 1906 VIII,
563 1819 725 1914 Polycrat.
749 1845 821 1916 cap.
842 1820 866 1890 6
890 1836 924 1890 et
950 1821 1066 1911 13,et
1084 1840 1199 1894 auctor
1216 1829 1348 1922 Sopho-

282 1928 378 2023 logii,
389 1929 474 2013 VII,
497 1951 560 2013 ro,
574 1941 694 2021 praeter
706 1924 788 1996 alios
803 1926 983 2020 quosdam,
997 1932 1055 2023 qui
1069 1933 1171 2000 vitam
1184 1934 1348 2006 Martialis

281 2034 557 2128 conscripsenmt.
580 2031 681 2122 Quod
697 2057 819 2101 nomen
840 2057 883 2101 an
899 2033 1093 2127 gentilitium
1110 2039 1168 2122 sit,
1188 2063 1232 2106 an
1249 2055 1346 2133 post-

188 2183 191 2190 ,
281 2140 421 2210 humum
445 2153 479 2208 et
495 2139 667 2208 hominum
685 2138 794 2207 studio
814 2139 976 2229 inditum,
999 2166 1067 2210 non
1087 2143 1240 2214 decerno.
1260 2148 1346 2216 Sunt

280 2247 337 2342 qui
351 2258 507 2316 censeant
522 2245 711 2315 aconviviis
722 2298 731 2330 ,
744 2269 817 2338 quae
830 2244 1020 2340 frequemer
1034 2246 1195 2338 celebrat,
1210 2253 1343 2334 Xenirs,

279 2351 568 2447 Apophoretisque
583 2351 648 2420 hoc
665 2348 709 2418 illi
732 2375 853 2419 nomen
871 2351 1040 2422 conditum
1055 2379 1063 2422 :
1079 2353 1133 2423 alii
1150 2380 1185 2424 re
1202 2357 1272 2452 ipsa
1286 2384 1343 2428 co·

279 2484 382 2554 quum
397 2459 500 2553 egisse
522 2457 683 2552 principio
704 2457 898 2526 existimant.
917 2459 1035 2546 Titius,
1054 2462 1137 2548 VII,
1158 2487 1216 2531 al.
1232 2465 1261 2531 A
1277 2489 1343 2534 ma·

274 2565 403 2661 joribus
419 2563 593 2634 adhaesisse
608 2561 652 2631 illi
667 2563 775 2658 potius
792 2565 990 2651 existimem,
1006 2591 1065 2635 seu
1080 2591 1199 2661 parens
1215 2594 1343 2663 coquus

277 2672 320 2742 ab
333 2670 475 2742 artificio
490 2670 610 2755 audiit,
626 2694 683 2737 seu
702 2693 721 2736 a
740 2669 918 2762 majoribus
934 2673 1069 2766 accepit.
1085 2673 1141 2742 Ob
1154 2689 1221 2744 tam
1235 2699 1342 2769 pauca

277 2781 539 2872 epigrammata,
558 2775 676 2870 quibus
695 2777 847 2845 convivia
868 2775 1035 2864 celebrat,
1056 2779 1339 2852 nomenclaturam

277 2885 365 2953 hanc
387 2883 557 2978 indeptum
586 2907 656 2950 esse
684 2907 753 2950 non
780 2897 829 2951 est
854 2882 1069 2952 verosimile.
1096 2887 1147 2954 Ex
1171 2887 1341 2958 hodiernis

277 2987 492 3084 scriptoribus
512 2988 748 3074 Casaubonus,
762 2987 847 3056 Rob.
863 2990 987 3076 Titius,
1004 2988 1162 3060 ClaudIus
1174 3045 1183 3078 ‚
1196 2995 1340 3064 Musam·

276 3097 401 3164 bertius
419 3119 476 3164 seu
495 3093 688 3180 Mamilius,
704 3096 825 3164 iterum
842 3119 986 3188 coquum
1001 3096 1196 3191 indigitant:
1212 3097 1266 3167 alii
1280 3125 1338 3170 ne-

275 3215 375 3295 gant;
401 3215 579 3296 natumque
604 3225 751 3272 errorem
780 3200 872 3268 hunc
898 3224 938 3268 ex
969 3217 1128 3297 corrupto
1153 3207 1338 3300 Lampridii

275 3307 411 3394 codice,
431 3307 626 3401 conjiciunt,
647 3331 745 3401 quem
766 3307 811 3374 ita
833 3303 966 3400 legunt:
981 3323 1021 3376 ut
1039 3311 1217 3380 Martialis
1234 3337 1333 3400 ooce,

272 3439 335 3510 pro
352 3437 497 3508 quoque.
519 3416 573 3482 Sic
594 3415 681 3481 enirn
704 3412 811 3506 prisce
834 3412 1059 3483 scribebatur:
1083 3415 1171 3484 unde
1188 3423 1264 3486 coci
1278 3443 1336 3488 seu

272 3525 375 3614 coqui
400 3545 466 3588 vox
493 3518 641 3588 derivata
664 3541 703 3586 ac
732 3517 921 3613 depravata.
952 3521 1118 3590 Meursius
1142 3519 1183 3592 de
1210 3523 1335 3619 gloria,

272 3627 443 3697 Claverius
457 3627 491 3694 in
509 3625 577 3692 vita
592 3625 711 3709 Persii,
728 3625 931 3693 Ramiresius
941 3626 983 3694 ad
997 3628 1092 3722 prim.
1105 3631 1207 3723 epigr.
1224 3633 1332 3725 Spect.

269 3733 333 3804 Sed
355 3759 417 3829 ego
434 3731 582 3800 codicem
604 3727 694 3798 illum
716 3731 887 3824 antiquum
910 3733 1090 3827 Lampridii
1112 3751 1261 3829 optarem
1283 3739 1330 3804 in·

271 3842 414 3936 spicere,
433 3853 467 3908 et
487 3839 521 3905 iu
541 3861 609 3903 rem
623 3850 817 3929 praesentem
836 3838 958 3906 venire.
979 3839 1067 3926 Quid
1087 3840 1201 3909 enim?
1218 3844 1251 3910 in
1267 3842 1331 3912 hac

269 3947 339 4018 sola
358 3970 440 4016 voce
462 3957 616 4012 errarunt
631 3941 772 4031 librarii,
795 3945 829 4010 in
850 3947 975 4014 caeteris
999 3947 1171 4016 emendate
1189 3951 1331 4042 scripse-

267 4051 371 4123 runt?
390 4049 488 4120 Aliud
503 4063 571 4136 est,
590 4049 679 4143 quod
702 4074 755 4118 me
773 4065 901 4135 movet,
921 4066 958 4120 ut
978 4076 1051 4120 eam
1071 4056 1267 4147 scripturam
1286 4057 1331 4122 ita
