2838 4918
253 487 278 532 x
597 464 666 531 ΑΙ)
695 461 972 532 LECTORES

253 593 410 664 fatentem
432 615 543 680 reum,
560 595 631 664 haec
649 597 811 689 AEgyptus
828 596 928 664 noxia
950 591 1070 679 inulta,
1089 607 1123 662 et
1143 593 1246 662 multa
1268 617 1323 664 sn·

253 699 360 768 lubria
375 693 799 788 cultori'medioamenta;¹
824 702 924 770 habet
945 701 1017 770 haec
1038 700 1167 786 Attica,
1192 715 1228 768 ut
1252 700 1323 768 mel

252 807 432 901 optimum,
454 807 500 875 ita
521 809 664 877 cicutam
685 807 840 894 letalem3
862 822 895 876 et
916 806 950 874 in
977 825 1112 876 nmoeno
1134 807 1200 874 hoc
1221 820 1325 900 prato

253 913 365 980 urticis
381 929 468 1007 saepe
484 911 595 997 violes,
612 915 714 1008 spinis
733 937 816 983 rose
835 915 1113 983 internoscuntur.
1126 909 1197 981 Vos
1214 931 1321 1005 apum

251 1041 345 1086 more
364 1019 476 1087 omnia
492 1017 646 1106 lustrate,
664 1021 790 1114 optima
809 1019 918 1088 libate.
938 1022 1056 1113 Neque
1074 1020 1180 1104 enim,
1200 1017 1228 1088 si
1244 1018 1326 1111 quis

250 1125 384 1218 ingenio
403 1119 493 1193 bono
511 1123 597 1194 rnale
618 1139 746 1212 utamr,
759 1125 903 1220 velitque
923 1147 984 1221 per
1000 1126 1224 1194 curiositatem
1247 1145 1324 1192 esse

251 1231 422 1324 ingeniose
439 1251 601 1326 nequam,
615 1230 748 1326 culpam
769 1235 802 1301 in
817 1232 917 1302 alium
936 1253 1035 1327 quam
1055 1233 1089 1300 in
1106 1255 1141 1300 se
1158 1229 1322 1299 conferat.

252 1336 404 1405 Laudato
426 1359 504 1405 sane
522 1337 658 1432 utilique
680 1339 832 1434 exemplo
853 1341 1016 1433 castigant
1037 1338 1134 1406 hodie
1153 1349 1322 1404 castrant-

252 1463 317 1534 que
344 1444 519 1537 nequiores
546 1445 679 1528 Foetes,
702 1446 750 1513 uti
776 1461 810 1516 et
835 1445 925 1513 hunc
947 1445 1107 1513 Nostrum
1136 1443 1183 1509 Μ.
1210 1441 1322 1510 Rude-

252 1569 335 1636 rus3
360 1549 449 1643 quod
475 1564 510 1619 et
537 1551 618 1620 mihi
649 1552 682 1618 in
713 1553 824 1621 animo
852 1563 932 1620 erut.
950 1551 1096 1635 Verum,
1117 1549 1256 1643 partim,
1278 1569 1325 1616 ne

251 1673 408 1750 at·guerer
424 1654 589 1742 difficilia,
607 1672 642 1726 ct
658 1680 731 1750 quaa
753 1652 850 1727 Delio
865 1655 976 1750 aliquo
996 1669 1148 1724 notator-e
1161 1677 1204 1724 ae
1219 1654 1323 1722 inter-

252 1776 345 1854 prete
364 1763 421 1855 qui
443 1762 615 1857 sphingem
637 1766 803 1856 acceperit
817 1787 902 1857 opus
917 1762 1062 1846 habent,
1078 1759 1140 1830 sub
1158 1773 1322 1854 pretextu

252 1867 476 1936 obscoenitatis
492 1871 657 1955 omisisse3
675 1871 812 1960 partini,
832 1865 1018 1938 amicorum
1038 1867 1071 1935 id
1093 1866 1135 1935 ad
1154 1887 1207 1934 me
1227 1864 1322 1933 efflu-

253 1973 426 2066 gitantiutu
443 1974 597 2066 precibus
611 1976 736 2060 victus,
748 1978 884 2044 Poetam
904 1971 1090 2068 integrum]
1110 1971 1205 2041 edidi.
1224 1973 1319 2058 Quo·

253 2079 341 2146 nium
367 2091 479 2146 autern
499 2096 652 2166 castren,
678 2079 780 2174 ipsius
802 2067 943 2150 Catulli³
964 2080 1108 2173 judicio,
1131 2101 1205 2146 esse
1225 2077 1325 2145 deoet

245 2189 345 2278 pium
372 2187 536 2272 Poemm,
562 2188 776 2282 interpretem
801 2186 906 2256 multo
937 2187 1041 2280 magis
1069 2209 1140 2252 esse
1166 2196 1323 2277 oportere

250 2287 414 2383 judicavi,
443 2311 549 2385 neque
575 2289 685 2362 oleum
712 2293 853 2362 llannnae
879 2286 1019 2378 addere,
1048 2315 1155 2386 neque
1178 2291 1322 2358 Veneris

255 2397 393 2482 urticas,
406 2399 484 2465 otu
504 2397 561 2476 τὰς
578 2402 612 2466 ἐκ
633 2407 694 2466 τῶν
715 2395 840 2482 βιὸλίων
859 2399 990 2477 ἀκάνθας
1012 2399 1162 2492 ἐκλέγειν,
1181 2394 1260 2462 ἀλλὰ
1279 2393 1322 2461 τὰ

253 2507 478 2598 χρησιμώτατα
500 2505 551 2571 καὶ
574 2507 667 2584 ἀκοῆς
691 2495 798 2593 οἷξια,4
820 2505 970 2574 consulte
996 2507 1235 2598 epigrammata
1260 2501 1319 2569 oh·

253 2612 415 2679 scoeniora
435 2608 564 2680 silentio
584 2599 814 2706 praetervexi‚⁵
834 2636 906 2706 quae
923 2611 1023 2680 ulium
1042 2609 1131 2678 malo
1149 2631 1245 2700 quam
1267 2631 1320 2676 me

252 2712 440 2810 explicare,
466 2717 568 2787 alium
598 2717 810 2812 intelligere:
836 2741 978 2811 quorum
1005 2715 1137 2809 quidem
1165 2713 1319 2782 lemmata

250 2821 347 2890 obelo
364 2826 397 2891 in
413 2825 523 2917 priore
539 2825 682 2893 editione
698 2825 863 2906 transfixi,
880 2847 946 2917 quo
962 2823 1047 2890 vada
1060 2823 1131 2890 haee
1148 2843 1321 2912 caecosque

253 2927 406 3019 scopulos
418 2931 546 2998 cautius
562 2929 741 2998 declinaret
756 2929 874 3015 lector;
887 2953 953 2997 non
969 2929 1109 3022 digitum
1124 2927 1166 2994 ad
1181 2925 1322 3019 lupanar

253 3033 395 3120 intendi,
410 3057 475 3128 qua
495 3061 549 3104 nie
569 3034 734 3106 calumnia
758 3039 792 3104 in
811 3035 935 3104 circulo
953 3061 1014 3103 suo
1035 3033 1191 3104 Graeoulo
1208 3033 1322 3100 nescio

299 3248 488 3318 1.AEgyptus,
513 3258 562 3300 etc.
580 3243 644 3299 Vid.
661 3237 765 3298 Plutus·-
810 3243 891 3298 modo
907 3243 944 3296 ibi
958 3241 1139 3296 conditionem
1154 3255 1271 3294 nostram
1294 3241 1323 3294 in

256 3327 321 3382 chus
333 3326 366 3380 de
379 3323 525 3380 Audiendis
541 3327 628 3380 Poetis
639 3344 671 3379 ex
685 3326 763 3379 Hom.
811 3338 864 3377 tam
875 3325 978 3376 lubrico
987 3316 1125 3377 etdilficili
1135 3334 1324 3374 mornentoex-

257 3405 311 3460 Od.
329 3414 356 3459 Δ.
810 3403 986 3476 posuerimus.
997 3405 1057 3455 Nou
1069 3403 1116 3454 alia
1126 3416 1165 3454 est
1175 3402 1203 3453 in
1215 3398 1322 3453 edendo

299 3502 323 3538 a.
336 3487 376 3538 Ita
387 3497 413 3539 et
424 3503 486 3550 nos,
499 3487 619 3556 quamvis
632 3485 677 3538 diu
692 3487 765 3538 relu-
811 3483 932 3538 Martiale
941 3483 1059 3553 integro,
1070 3501 1147 3554 quam
1156 3479 1324 3533 in-Juvenste

257 3578 356 3620 mantes
373 3577 400 3618 et
416 3565 493 3619 inriti
508 3565 623 3636 plurimo
640 3566 766 3620 nefanda·
811 3567 889 3635 culpa
902 3561 908 3617 ἐ
920 3581 974 3616 uon
989 3564 1100 3616 eliserit
1115 3561 1258 3614 excusatio.
1269 3562 1323 3612 En.

257 3667 316 3700 rum
334 3646 477 3716 imaginum
498 3659 616 3698 monstra
635 3646 766 3718 interpre-
853 3645 879 3698 3.
895 3644 1005 3706 Catulli,
1022 3643 1246 3712 etc.Epigr.xv1.

258 3727 308 3780 tari
321 3723 505 3778 horruerimus
517 3743 523 3777 :
535 3723 582 3776 sed
594 3727 647 3796 jam
661 3726 690 3776 in
703 3739 768 3796 prse-
853 3731 878 3787 4.
893 3723 958 3776 Οὔτε
968 3722 1013 3783 τὰς
1022 3725 1049 3774 ἐκ
1062 3729 1175 3788 educte.
1190 3717 1324 3790 Ulpianus

257 3804 357 3860 latione
368 3800 451 3857 nostrl
465 3805 481 3856 J
483 3805 612 3868 uvenalis,
624 3823 683 3876 pag.
697 3823 726 3856 rx
741 3816 768 3856 et
812 3803 882 3874 apud
895 3801 1066 3866 admocum,
1080 3799 1127 3853 lib.
1143 3801 1204 3864 XV,
1219 3817 1277 3870 copi.
1296 3799 1323 3852 3.

258 3902 312 3958 seq.
340 3885 442 3939 crimen
472 3884 524 3938 hoe
557 3885 670 3936 confessi
705 3899 767 3936 uum
853 3882 878 3936 5.
900 3882 1001 3936 Silentia
1025 3885 1181 3950 protervae,
1204 3892 1254 3932 cte.
1280 3887 1323 3950 Τῷ

257 3965 367 4037 optimis
376 3963 524 4017 editoribus
532 3983 672 4016 commune
683 3983 768 4017 susce·
814 3967 988 4018 deserentium
1009 3957 1083 4020 amo<
1111 3963 1231 4030 γινόμενος
1260 3956 1323 4010 duo·

257 4047 353 4116 pimus.
366 4043 476 4108 Videas,
491 4045 512 4096 si
526 4044 603 4096 uobis
614 4063 668 4096 nou
679 4043 769 4097 deien-
813 4042 926 4111 pipulum
953 4049 988 4110 τῷ
1009 4043 1081 4108 λόγῳ.
1104 4039 1189 4110 Epict.
1213 4039 1322 4091 Euehir.

258 4124 381 4178 dentibus
399 4127 534 4194 ignoscere
555 4125 684 4187 volueris,
702 4143 768 4194 quo·
815 4141 869 4192 cnp.
896 4121 941 4173 55.
