2838 4918
283 365 392 493 ¹xmuv
457 415 815 490 DISSERTATIO
843 416 914 484 DE
941 413 1182 486 INGENIO

481 575 579 638 Γονιιὶἱ
591 570 619 626 δ’
632 577 674 626 οὐκ
685 575 720 626 lr'
734 567 809 640 εἶχεν·

481 657 512 708 Τί
524 649 550 706 d'
560 649 598 706 οὖν
612 648 703 707 diduci
713 672 720 717 ;
732 651 739 675 ¹

284 797 328 862 Et
351 805 488 886 repunt

484 976 652 994 ·········
660 943 755 1001 Κάλλος
764 977 772 1003 ,

480 1015 540 1078 Ᾰντ*
548 1025 640 1094 iuius
654 1021 789 1084 ἁπάντων,

479 1093 539 1156 dar·
556 1097 671 1155 ἀσπίδων
686 1101 800 1152 dardana·

479 1185 546 1250 Νοιᾷ
558 1175 589 1233 dl
601 1180 644 1233 καὶ
658 1175 755 1250 σίδηρον

478 1261 531 1314 Καὶ
543 1266 589 1332 πῦρ
601 1259 663 1315 καλή
676 1279 713 1318 τις
727 1252 811 1310 abac?

279 1400 434 1487 Namque
462 1414 573 1460 rerum
601 1389 751 1458 omnium
773 1400 992 1480 potestatem,
1019 1411 1092 1480 quae
1119 1386 1258 1482 pulchra
1281 1405 1353 1476 est,

281 1525 366 1595 saepe
381 1499 492 1568 habet
507 1494 714 1566 Praetulerim
730 1507 841 1562 tamen
858 1492 1020 1562 Martialis
1036 1496 1232 1563 seutentiam
1248 1521 1255 1563 :
1273 1521 1354 1564 nam

279 1611 313 1676 in
337 1631 376 1676 ea
397 1603 568 1674 delicatius
592 1599 750 1696 quiddam
773 1596 876 1668 latere
899 1613 1053 1687 autumo,
1076 1613 1110 1667 et
1131 1603 1354 1671 Anacreontis

279 1714 406 1784 dictum
427 1709 570 1779 mendax
590 1705 769 1803 aliquando
786 1719 856 1792 est;
876 1708 999 1776 Noster
1019 1706 1073 1774 hic
1094 1707 1231 1775 omnino
1251 1731 1353 1776 verus

278 1835 348 1890 est:
365 1818 438 1912 quis
459 1817 547 1885 enim
570 1838 670 1883 sanus
689 1810 887 1882 beatitudini
903 1810 1024 1879 samam
1043 1808 1246 1906 praetulerit?

333 1927 378 1992 At
388 1947 429 1991 ex
442 1921 493 1991 his
507 1944 580 2013 quae
595 1920 734 2013 gratiam
748 1917 874 2011 spirant
886 1931 920 1985 et
931 1915 1063 1986 videtur
1072 1916 1183 1988 Idaliis
1196 1919 1230 1986 in
1245 1919 1354 1988 hortis

281 2033 353 2126 ipsa
368 2031 485 2100 Venus
510 2025 669 2111 dictasse,
693 2022 735 2092 ad
757 2023 828 2092 haec
850 2037 1076 2110 transeamus,
1095 2024 1215 2117 quibus
1235 2038 1355 2118 satyrae

278 2138 349 2231 jam
371 2133 509 2230 propior
524 2129 709 2215 cavillatur,
728 2129 867 2223 pungit,
884 2128 1033 2214 mordet,
1051 2145 1142 2198 secat
1160 2154 1168 2196 :
1188 2129 1303 2199 forsan
1321 2133 1353 2199 in

280 2244 334 2312 his
343 2264 413 2310 sese
424 2235 756 2333 superavit.Vidimus
766 2233 869 2304 modo
878 2233 995 2329 puellae
1002 2233 1237 2321 blandientem,
1251 2260 1354 2330 quam

181 2419 183 2425 Α
281 2346 432 2442 emptitia
453 2343 586 2414 caesarie
612 2339 870 2425 munerabatur;
895 2339 967 2435 lege
993 2365 1082 2410 nunc
1114 2340 1183 2410 fere
1215 2357 1353 2412 contra-

282 2456 367 2526 rium
383 2480 390 2521 :

404 2607 493 2668 Thais
506 2603 595 2664 habet
609 2605 722 2683 nigros,
737 2604 838 2662 niveos
853 2602 977 2662 Lucania
990 2603 1100 2660 dentes.

482 2709 554 2776 Quae
568 2703 642 2761 ratio
656 2702 720 2760 cst?
734 2713 847 2780 emptos
860 2700 923 2758 baec
936 2699 1043 2769 babet,
1059 2699 1107 2757 illa
1121 2695 1215 2758 suos.³

283 2863 336 2930 De
347 2856 410 2926 alia
426 2854 563 2925 muliere
577 2850 658 2921 illud
672 2876 740 2920 non
756 2851 866 2921 minus
877 2847 1077 2944 malignum,
1092 2864 1126 2918 et
1138 2846 1246 2944 placet
1263 2850 1354 2944 quod

283 2968 547 3057 inexspectatum
563 2981 704 3027 acumen
719 2970 786 3043 est,
801 2970 854 3046 et,
867 2971 906 3024 ut
919 2957 1028 3026 Graeci
1043 2955 1150 3044 aiunt,
1164 2948 1352 3048 παράδοξον·

404 3130 524 3193 Nubere
540 3130 641 3188 Paulla
656 3130 738 3207 cupit
750 3127 849 3201 nobis,
860 3147 914 3206 ego
928 3126 1035 3186 ducere
1045 3129 1175 3187 Paullum

486 3227 576 3300 Nolo;
589 3247 661 3285 anus
673 3227 861 3298 convellam,
875 3227 898 3285 si
910 3225 1000 3304 magis
1012 3237 1086 3284 essm
1098 3224 1193 3288 arnus.l

341 3392 523 3496 Παράδοξον
538 3421 670 3492 quoque
687 3411 721 3465 et
735 3391 768 3476 ἐξ
785 3389 1018 3491 ἀπροσδοκήτου
1034 3393 1243 3465 concluditur
1261 3397 1296 3466 id
1315 3397 1356 3465 de

286 3534 388 3584 avaro
410 3506 532 3590 divite,
550 3505 625 3597 qui,
642 3527 745 3596 quum
765 3502 927 3598 splendidi
938 3493 976 3570 ¹et
997 3498 1077 3570 lauti
1102 3503 1355 3597 Amphitryonis

286 3615 418 3686 laudem
440 3624 681 3705 aucuparetur,
698 3609 779 3678 cibis
798 3623 908 3678 tamen
927 3607 1100 3702 parcebat,
1113 3623 1146 3676 et
1163 3607 1269 3678 nullas
1286 3633 1355 3680 non

331 3837 356 3872 r.
368 3817 528 3868 Anacreont.
544 3827 624 3863 carm.
637 3809 727 3874 llas,
741 3827 788 3860 oo.

329 3915 356 3951 a.
368 3893 409 3948 ld.
423 3891 481 3945 ibid.

329 3977 357 4031 3.
369 3975 429 4028 Lib.
437 3971 473 4037 V,
484 3971 565 4042 epigr.
576 3986 656 4020 xnrn.

331 4050 639 4122 l.1ib.X,epigr.vnr.
