2838 4918
464 441 746 512 PRAEFATIO.
1094 469 1137 517 ιιι

82 629 173 700 genus
186 599 311 686 multa,
330 622 405 694 qum
418 597 544 669 vicibus
560 601 727 694 perpetuis
741 600 901 688 obnoxia,
914 617 972 671 aut
988 602 1138 674 locorum

22 799 23 814 ,
81 730 210 798 mutatio
219 723 553 810 subindevariaverit,
563 739 619 793 aut
627 724 820 794 brevissime
830 740 1019 821 temporum
1028 727 1139 822 fugae

21 1229 23 1284 l

20 2283 22 2326 l

82 851 181 924 medie
193 847 373 922 sustulerit.
388 849 455 916 Istn
469 869 633 942 vereque
643 846 730 916 circa
743 871 796 916 res
806 871 942 942 magnas
954 865 1138 938 versantur,

80 973 209 1046 affectus
224 971 327 1044 animi
342 967 474 1040 intimes
489 981 626 1038 movent
643 983 676 1038 et
694 983 891 1064 perpetuum
909 987 1062 1060 movent,
1081 999 1139 1044 ne·

81 1122 137 1191 que
148 1094 214 1168 utta
231 1091 427 1168 surculorum
440 1093 525 1164 serie
537 1115 645 1186 neque
659 1091 911 1186 longinquarum
926 1075 1140 1168 solitudinum

81 1215 474 1314 spanheimense
500 1228 533 1286 at
548 1213 715 1306 pueriliter
732 1233 1003 1310 expavescentem
1023 1223 1142 1316 Astya

81 1357 167 1416 meta
185 1356 218 1416 et
232 1337 490 1412 Andromachen
510 1328 655 1430 δακρυόεν
673 1338 846 1433 γελάσασαι
866 1365 966 1434 quum
988 1341 1144 1440 legimus,

21 1433 22 1500 l
83 1489 141 1536 nen
159 1464 269 1536 minus
286 1458 384 1534 facile
406 1456 619 1554 intelligimus
633 1483 731 1554 quam
751 1463 895 1531 suaviter
912 1463 1024 1534 allecti
1043 1492 1142 1537 mm·

82 1613 158 1656 mur.
178 1588 232 1660 stc
256 1599 292 1654 et
314 1583 460 1656 vicissim
483 1607 622 1669 eruere,
646 1597 755 1670 metu,
777 1585 991 1678 aegritudine,
1010 1591 1059 1658 ira
1083 1617 1143 1662 nos

84 1709 255 1807 virgiliana
279 1706 370 1780 Dido
397 1707 611 1780 vehementer
632 1707 709 1802 ugit.
730 1707 822 1795 Quid
841 1711 992 1798 interest,
1013 1736 1055 1780 an
1074 1715 1145 1784 hnc

86 1833 276 1927 Carthagine
291 1845 325 1902 et
336 1828 443 1922 Trojae
456 1831 490 1900 in
505 1829 669 1900 maenibus
686 1830 881 1901 evenerint?
893 1857 936 1901 an
951 1835 1087 1930 viginti,
1100 1861 1143 1905 an
1257 1837 1262 1846 '

85 1957 206 2050 triginta
228 1954 350 2028 abhuc
365 1952 552 2026 effluxerint
567 1951 706 2026 smculn?
717 1957 827 2024 «Sunt
846 1953 999 2050 lacrymae
1015 1984 1145 2045 rerum,

84 2093 267 2152 umentem
281 2074 432 2150 morulis
443 2090 593 2170 tangunt.
609 2105 625 2142 c
640 2079 797 2170 Spectant
812 2077 866 2148 illa
885 2105 963 2150 vere
977 2082 1089 2153 divina
1102 2085 1145 2152 ad

20 2267 21 2276 ι
83 2203 313 2276 humanitatem
333 2214 458 2285 totam,
484 2213 584 2294 atque
616 2201 779 2270 «humani
800 2203 882 2277 nihil
903 2229 922 2272 n
942 2219 975 2274 tc
999 2205 1142 2278 alienum
1175 2189 1183 2216 ’

83 2327 348 2420 pensauerat
371 2324 452 2408 iate,
472 2347 545 2416 qure
564 2347 664 2417 supra
683 2327 957 2414 memoravimus,
975 2353 1055 2397 num
1074 2356 1145 2425 per-

83 2451 180 2520 tinent
192 2447 237 2519 ad
247 2461 352 2521 tetum
365 2444 627 2521 humanitatem?
640 2448 793 2534 minime,
807 2448 865 2518 sed
881 2451 914 2519 in
931 2450 1055 2548 angulo
1068 2479 1143 2548 per·

81 2575 193 2667 exigue
214 2587 400 2657 terreum,
420 2569 477 2640 sed
499 2571 534 2640 in
555 2567 696 2640 articulo
709 2575 876 2666 ¹temporis
896 2574 986 2645 lluxo
1013 2592 1048 2646 et
1078 2581 1143 2648 cito

83 2709 248 2771 uansernt
263 2720 271 2762 :
288 2693 349 2782 ibi,
363 2690 462 2764 hodie
480 2689 653 2786 intelligis,
669 2707 727 2762 aut
745 2692 828 2780 alio,
846 2709 904 2764 ant
925 2721 997 2766 cras
1013 2698 1143 2770 dubita·

84 2834 184 2908 lurum
202 2817 314 2924 lucum
331 2829 423 2890 muta
441 2830 499 2888 aut
515 2829 668 2910 tempus,
683 2817 754 2909 jam
773 2841 826 2887 res
843 2821 951 2890 minus
971 2821 1005 2890 in
1023 2827 1145 2920 perspi-

19 3003 20 3070 ,
82 2969 140 3018 cue
154 2946 231 3020 erit.
245 2945 318 3026 lta,
336 2941 390 3014 lib.
408 2942 443 3026 1,
461 2941 563 3036 epigr.
584 2964 688 3026 xxrv,
702 2967 805 3036 quum
823 2944 869 3013 ait
888 2945 1063 3034 Martialis,

235 3145 366 3206 Mirabar
380 3165 470 3224 qnare
486 3165 633 3223 nunquam
652 3165 710 3219 me,
724 3151 824 3221 Cotta,
840 3171 989 3210 vocasses:

213 3285 219 3290 .
275 3245 338 3298 Jam
355 3239 413 3297 scio
430 3257 476 3296 me
490 3238 601 3296 nudum
617 3238 795 3317 displicuisse
813 3240 874 3299 vini.

81 3447 187 3520 nullus
199 3449 258 3518 hic
274 3471 407 3520 sensum
421 3460 499 3516 ante
516 3447 680 3542 attigerit,
697 3448 776 3541 quin
784 3449 828 3518 'irl
844 3449 1014 3540 doceatur,
1031 3454 1143 3525 salites

81 3573 235 3642 nimirum
249 3594 320 3641 esse
332 3571 521 3664 promiscue
539 3569 574 3638 in
586 3566 712 3638 balneis
724 3571 815 3640 viros
826 3585 860 3640 et
872 3571 1010 3646 feminas
1025 3575 1146 3668 lavari,

81 3707 112 3762 et
129 3693 185 3766 lric
202 3717 306 3787 sepe,
322 3715 425 3786 quum
438 3689 589 3786 deposita
605 3704 697 3760 veste
712 3705 819 3760 totum
838 3717 959 3790 corpus
974 3714 1146 3796 spectare-

82 3831 133 3886 tur
147 3831 183 3888 et
200 3817 291 3910 justo
312 3816 541 3902 estimaretur,
562 3812 639 3909 eligi
659 3839 679 3882 a
696 3815 808 3885 multis
830 3832 887 3887 aut
905 3824 1063 3908 amasios,
1086 3842 1146 3895 aut

82 3943 212 4012 amiens.
229 3945 314 4010 Item
332 3963 436 4034 quum
458 3937 514 4007 lin
535 3939 604 4025 IX,
621 3939 724 4034 epigr.
745 3963 840 4028 xxx,
864 3942 1035 4014 Philaenidi
1053 3951 1144 4018 ecci-

19 4061 20 4148 }
84 4091 180 4154 nens,
197 4065 271 4134 haec
290 4079 480 4159 precatura
498 4062 570 4131 Diis
587 4062 765 4149 Manibus,

19 4187 21 4242 l

952 4189 989 4256 ai
