2838 4918
268 457 382 503 xxxvi
445 429 798 504 DISSERTATIO
818 431 893 514 DE
921 429 1154 500 INGENIO

425 555 500 629 Ergo
513 549 576 608 sine
586 549 693 607 effectu
705 547 800 625 prurit
814 562 936 624 uterque
948 547 1042 605 labor.

386 647 516 726 Supplex
527 646 576 705 iila
587 656 670 722 rogat
681 663 736 722 pro
747 664 795 714 so,
807 643 975 722 miserisque
985 643 1112 716 duobus,

424 747 510 802 Hune
521 743 659 820 juvenem
675 739 776 812 iacias,
791 740 882 810 hone,
897 739 1057 817 Cytherea,
1067 741 1169 798 virum.
1182 754 1189 777 ¹

267 919 319 984 En
337 913 443 1003 aliud,
458 938 525 1009 quo
543 911 625 980 duas
646 910 783 979 seminas
800 934 998 1006 comparans
1014 925 1125 1005 rogat,
1138 924 1212 980 utra
1228 913 1347 1004 magis

167 1017 172 1028 ’
270 1022 370 1116 digna
391 1045 466 1115 quae
485 1032 615 1086 ametur
635 1031 668 1084 et
689 1031 875 1111 repetatur:

385 1196 428 1254 sit
439 1191 572 1268 Phlogis,
584 1209 620 1248 an
636 1189 748 1248 Chione
759 1189 868 1248 Veneri
880 1190 970 1268 magis
987 1203 1055 1268 opta
1068 1189 1214 1267 requiris?

425 1287 578 1348 Pulchrior
591 1297 634 1344 est
645 1286 773 1357 Chione;
784 1285 834 1343 sed
849 1286 965 1364 Phlogis
979 1287 1061 1344 nicus
1072 1285 1168 1344 haber.

384 1387 473 1446 Uicus
486 1381 591 1454 habet,
606 1381 686 1459 quod
701 1381 810 1441 hebere
825 1401 907 1440 suem
921 1383 985 1440 vuit
997 1385 1119 1461 quisque
1133 1384 1321 1461 puellam....·.

423 1480 569 1559 Quodque
585 1499 683 1538 senem
700 1479 814 1557 Pylium
830 1499 889 1537 non
903 1480 978 1538 sinat
990 1499 1052 1538 esse
1065 1497 1170 1538 senem.

384 1585 422 1640 At
436 1577 548 1637 Chione
558 1596 618 1636 nou
632 1575 719 1636 sentit
732 1594 807 1655 opus
816 1618 825 1646 ‚
834 1595 888 1634 nec
899 1574 1021 1634 vocibus
1032 1576 1098 1634 uilis

423 1675 568 1754 Adjuvat:
581 1674 728 1734 absentem
742 1693 972 1734 marmoreamve
983 1686 1077 1753 putes.

385 1780 529 1843 Exorare,
544 1772 617 1842 Dei,
628 1771 652 1828 si
668 1790 721 1828 vos
735 1783 793 1828 tam
805 1791 908 1849 magna
921 1771 1037 1842 liceret,

426 1876 461 1928 Et
471 1868 550 1926 bona
560 1867 672 1926 velletis
685 1881 743 1926 tam
755 1868 883 1946 pretiosa
895 1867 983 1940 dare3

387 1971 450 2026 Hoc
464 1964 544 2044 quod
558 1961 648 2023 habet
658 1963 770 2024 Chione
783 1983 903 2043 eorpus,
915 1963 1046 2023 faceretis
1055 1961 1193 2034 haberet,

427 2067 467 2123 Ut
481 2061 614 2140 Phlogis3
627 2074 657 2119 et
667 2061 795 2135 Chione,
809 2061 890 2140 quod
905 2062 1022 2140 Phlogis
1034 2062 1115 2120 uicus
1126 2058 1244 2118 habet.¹

270 2235 330 2303 His
353 2255 438 2328 saepe
462 2231 579 2300 intexit
597 2229 776 2298 sententias
795 2243 854 2296 aut
875 2227 1022 2315 nobiles,
1037 2242 1096 2297 aut
1120 2251 1347 2323 graves‚quae

148 2367 152 2380 ’
270 2340 431 2408 brevitate
460 2360 519 2406 sua
547 2335 690 2403 manime
720 2335 965 2428 perstringunt,
990 2335 1062 2404 haec
1086 2358 1117 2402 v.
1145 2359 1175 2428 g.
1198 2335 1232 2402 in
1260 2359 1345 2403 ava-

271 2447 378 2516 sitiam
396 2470 404 2511 ε

393 2623 492 2696 Repe,
506 2633 649 2692 congere,
662 2614 761 2686 auser,
775 2613 903 2692 posside:
917 2610 1139 2690 relinquendum
1151 2611 1222 2670 est.3

275 2790 317 2859 de
338 2788 523 2858 amicorum
541 2782 649 2878 specie
671 2782 861 2851 rarissimo:

394 2962 507 3016 Aurum
523 2966 552 3012 et
565 2971 636 3031 opes
648 2965 677 3009 et
687 2969 757 3010 rure
773 2951 909 3030 frequens
920 2948 1041 3008 donabit
1051 2950 1174 3021 ornicum

433 3049 493 3124 Qui
504 3049 573 3107 velit
584 3046 700 3128 ingenio
712 3045 830 3119 cedere,
842 3064 925 3104 rarus
939 3045 1021 3104 erit.⁴

274 3227 337 3302 Vei
355 3227 397 3296 de
417 3223 620 3296 matrimonii
640 3217 789 3291 solvendi
811 3234 845 3287 et
870 3241 985 3288 rursus
1005 3217 1224 3288 contrahendi
1242 3221 1345 3290 nimis

275 3334 379 3406 libera
396 3329 552 3403 facultate
569 3354 577 3397 :

479 3538 507 3553 ..
520 3493 619 3553 ,nubit
632 3490 746 3551 decimo
758 3490 817 3568 jam
828 3488 983 3548 Theiesina
993 3489 1068 3546 viro.
1162 3505 1163 3508 ¹

393 3599 466 3668 Qnae
481 3590 566 3650 nubit
579 3590 680 3660 toties,
690 3605 750 3644 non
763 3585 866 3646 nubit:
882 3584 1012 3644 adultera
1024 3585 1086 3663 lege
1101 3583 1171 3643 est.⁵

318 3783 342 3818 ι.
352 3761 415 3816 Lib.
426 3760 480 3825 xl,
490 3757 574 3829 epigr.
584 3771 671 3807 Lxxxx.

317 3864 342 3898 ι.
354 3841 414 3895 Lib.
428 3839 483 3902 xl,
497 3837 581 3908 epigr.
594 3852 637 3886 nx.

314 3915 597 3987 3.Lih.vl11,epigr.
608 3929 682 3975 κων,
694 3929 731 3963 vs.
748 3928 775 3978 9.

316 4009 342 4066 4.
353 3997 422 4054 ibid.
435 3997 519 4068 epigr.
530 4009 616 4058 xviri,
625 4010 663 4044 vs.
675 4007 691 4058 9
703 4003 730 4043 et
742 4007 783 4042 ro.

315 4083 340 4136 ⁵.
352 4081 413 4134 Lib.
422 4077 480 4141 vl,
491 4073 686 4146 epigramm.
701 4077 756 4133 det
767 4067 794 4121 ⁵.
