2838 4918
257 423 340 468 xnrv
434 399 787 469 DISSERTATIO
814 401 883 467 DE
910 398 1143 467 INGENIO

310 533 355 600 Et
369 531 501 626 quidem
519 531 610 626 quod
631 533 722 627 prius
739 530 918 625 objiciunt,
933 528 1096 617 adulatio,
1112 529 1155 597 ad
1173 527 1330 598 indolem

260 638 368 706 rninus
390 639 549 732 pertinet,
569 661 669 731 quam
684 637 726 706 ad
747 639 870 732 ingenii
891 661 1012 732 genus3
1027 650 1061 706 et
1079 649 1229 731 poetam,
1249 659 1331 704 non

259 742 426 814 hominem
446 743 683 814 aestimantibus
705 743 783 838 quid
802 745 863 812 nisi
881 742 923 811 de
941 744 1074 838 ingenio
1091 741 1331 812 disserendum

259 846 332 918 est?
346 851 391 919 At
410 873 449 920 ea
475 865 526 920 est
551 850 724 918 hominum
750 848 948 935 multitudo,
975 849 1032 944 qui
1056 863 1180 918 temere
1208 849 1334 917 omnia

259 954 499 1026 confundentes
525 956 568 1025 ab
595 955 704 1025 indole
725 956 768 1025 ad
794 956 979 1050 ingenium,
996 979 1018 1024 a
1042 957 1112 1025 vita
1130 952 1173 1023 ad
1195 955 1331 1048 scripta

259 1061 461 1148 transiliunt,
474 1077 509 1132 et
521 1065 548 1132 si
560 1062 633 1156 quis
646 1087 766 1156 parum
778 1062 873 1132 fortis
885 1062 1061 1148 exstiterit,
1072 1059 1211 1130 subinde
1219 1060 1332 1154 ipsius

259 1189 361 1262 opera
374 1171 470 1262 parvi
484 1169 629 1255 faciunt,
642 1183 680 1236 ut
694 1171 764 1238 istis
778 1167 928 1262 quaedam
949 1169 983 1236 in
1001 1181 1146 1236 mentem
1164 1189 1332 1235 revocare

259 1275 478 1343 necessarium
499 1277 550 1344 sit.
574 1274 805 1344 Recordentur
825 1299 905 1368 ergo
924 1274 1178 1359 obtrectatores,
1202 1271 1331 1366 quibus

259 1381 475 1474 temporibus,
486 1379 574 1474 quali
586 1382 618 1448 in
627 1381 720 1451 Urbe
733 1381 900 1477 scripserit
909 1377 1217 1448 Martialisscilicet
1225 1377 1330 1471 quid·

260 1485 340 1577 quid
361 1488 529 1580 Augustus
556 1502 589 1556 et
610 1489 737 1582 priores
756 1491 902 1557 Caesares
922 1482 1081 1555 libertatis
1103 1483 1330 1577 reliquerant,

260 1606 423 1661 cesserat:
438 1617 499 1662 nec
517 1593 659 1663 ruebant
676 1595 830 1689 Equites,
846 1596 961 1662 Patres
975 1593 1008 1659 in
1023 1591 1212 1673 servitium3
1235 1590 1330 1658 servi

259 1720 374 1768 omnes
392 1700 635 1770 nascebantur:
655 1715 689 1768 et
702 1700 884 1794 siquando,
902 1697 1058 1792 principis
1077 1696 1197 1783 fastus,
1217 1692 1330 1764 incle-

260 1805 434 1890 mentiam,
447 1803 662 1874 deliramenta
677 1809 826 1900 pertaesi,
840 1805 958 1898 jugum
977 1802 1167 1898 fregissent,
1184 1800 1332 1871 subinde

200 1916 203 1924 ’
259 1906 347 1977 aliud
353 1909 471 2004 jugum
482 1912 645 2006 capitibus
654 1913 720 1980 suis
734 1910 960 2006 imponebant,
969 1923 1019 1977 sat
1030 1911 1093 1978 rati
1107 1909 1132 1978 si
1146 1923 1330 2003 tyrannum

260 2017 495 2106 excussissem,
510 2042 579 2086 non
594 2016 811 2110 tyrannidem.
824 2019 909 2085 'lum
927 2039 1000 2109 quae
1015 2017 1164 2110 potentia
1181 2017 1331 2108 impera-

262 2121 342 2190 toris
360 2145 430 2191 esse
452 2122 555 2219 vulgo
577 2123 778 2210 habebatur,
799 2147 838 2192 ea
863 2121 1003 2192 militurn
1023 2136 1113 2208 erat;
1128 2121 1219 2215 atqui
1242 2144 1332 2188 nun-

261 2251 361 2320 quam
377 2231 513 2324 pronius
531 2233 618 2301 cives
636 2227 824 2318 adulantur,
841 2227 1054 2315 famulantur,
1072 2251 1171 2323 quarn
1188 2225 1246 2294 ubi
1266 2227 1329 2294 rni-

262 2329 355 2404 litare
372 2336 558 2422 servitium,
574 2335 715 2406 militare
728 2337 903 2432 imperium
921 2349 980 2404 est.
997 2332 1088 2422 Quid
1102 2348 1182 2402 tunc
1196 2333 1333 2401 fecisset

263 2439 383 2534 poeta?
400 2441 594 2528 obstitisset,
614 2445 780 2530 Catones,
804 2447 944 2527 Erotos,
966 2464 1087 2534 magna
1109 2455 1143 2508 et
1160 2463 1246 2508 vana
1267 2463 1331 2507 ca·

262 2546 365 2616 nens?
383 2572 461 2618 mox
482 2550 523 2619 ad
546 2548 686 2620 illustres
706 2552 833 2620 animas
854 2549 979 2618 socium
1001 2545 1185 2616 demisisset
1201 2558 1331 2639 praeto-

262 2657 431 2725 rianorum
448 2658 543 2726 ensis.
557 2655 750 2726 Tacuisset?
761 2654 992 2727 clamavissent
1006 2653 1188 2738 delatores3
1202 2665 1238 2720 et
1253 2675 1332 2744 quac

262 2761 486 2855 obstrepenti,
507 2763 623 2834 eadem
642 2765 763 2833 tacenti
781 2787 880 2858 poena
900 2763 1044 2856 irrogata
1058 2774 1152 2829 esset.
1171 2756 1332 2826 Laudan-

263 2867 342 2935 durn
362 2893 443 2964 ergo
461 2885 541 2938 erat.
557 2872 601 2938 At
615 2867 668 2938 illa
686 2869 847 2939 duntaxat
863 2867 1026 2952 laudavit,
1043 2891 1116 2960 quae
1134 2865 1236 2948 bene,
1254 2887 1333 2956 quae

263 2972 385 3066 probe,
397 3000 471 3070 quae
486 2974 656 3068 splendide
668 2975 755 3045 facta
770 2989 882 3061 erant,
896 2989 954 3042 aut
971 2995 1044 3067 quae
1061 2970 1213 3040 laudibus
1228 2967 1333 3036 nullis

264 3077 378 3173 digna,
392 3106 455 3150 nec
467 3082 626 3150 saevitiam
643 3106 705 3150 nec
717 3082 964 3178 imperatoriam
977 3079 1199 3172 arrogantiam
1213 3099 1334 3168 argue·

264 3184 355 3255 bant.
381 3190 436 3257 Sic
461 3189 551 3258 canit
572 3185 690 3258 Flavia·
714 3190 804 3284 genti
825 3198 993 3256 exstructa
1015 3180 1157 3278 templa,
1183 3180 1332 3249 additam

263 3296 424 3364 Romanis
442 3295 504 3365 viis
521 3292 746 3382 latitudinem,
764 3287 920 3389 principis⁸
937 3289 1197 3360 munificentiam
1214 3289 1248 3355 in
1270 3285 1332 3354 do-

174 3396 179 3405 ’
266 3401 384 3472 nativis
407 3417 441 3472 et
466 3401 679 3498 spectaculis,
701 3425 842 3495 quarum
868 3423 979 3468 rerum
1012 3395 1116 3492 gloria
1140 3419 1183 3464 ne
1205 3391 1332 3462 malurn

266 3507 399 3602 quidem
426 3535 537 3605 regem
565 3507 754 3578 defraudari
784 3506 880 3591 licet;
899 3507 946 3574 sic
978 3503 1127 3598 inprimis
1155 3498 1236 3569 illud
1261 3499 1331 3567 edi-

265 3629 356 3684 ctum
374 3616 547 3707 praedicat,
568 3639 636 3709 quo
653 3616 759 3684 vetuit
776 3613 987 3683 Domitianus
1004 3608 1111 3679 excidi
1133 3605 1275 3676 infantes
1298 3620 1334 3674 et

265 3737 342 3790 ante
364 3735 492 3791 aetatem
515 3723 678 3816 prostitui.
699 3724 779 3790 Haec
807 3720 925 3789 merito
949 3716 1114 3786 celebrata
1140 3737 1238 3782 nemo
1263 3735 1333 3780 non

266 3827 432 3896 fatebitur.
456 3827 567 3916 Quid,
591 3852 694 3921 quum
720 3827 877 3897 victorias
900 3822 998 3894 falsas
1025 3820 1138 3891 laudat
1160 3833 1194 3887 et
1216 3819 1332 3887 trium·

202 4007 206 4016 ,
266 3933 371 4028 phurtr
392 3934 597 4003 ementitium
621 3933 663 4002 de
684 3934 878 4017 Germanis,
900 3931 1021 4025 emptis
1046 3953 1105 4023 per
1133 3925 1333 3996 commercia
