2838 4918
253 432 357 476 xxxii
431 406 786 474 DISSERTATIO
814 406 881 473 DE
908 404 1143 474 INGENIO

737 593 904 609 .........
911 563 984 628 quot
996 551 1109 627 inquis?

452 653 562 708 Oceani
573 651 679 708 fluetus
693 667 739 706 me
753 667 906 706 numerare
915 645 1020 724 jubes,

413 753 448 806 Et
461 746 549 806 maris
562 746 651 822 AEgoei
666 765 780 824 sparsas
794 765 848 824 per
863 745 948 806 litora
962 741 1100 813 conchas,

452 849 488 901 Et
502 861 566 920 quae
575 843 719 920 Cecropio
732 855 830 902 monte
845 855 987 920 vagantur
1001 861 1086 918 apes,

412 947 542 1018 Quaeque
555 952 658 998 sonant
669 940 757 1018 pleno
769 959 913 1017 vocesque
926 958 1086 1016 manusque
1100 936 1214 998 theatro

456 1042 554 1111 Quum
568 1037 695 1115 populus
710 1035 798 1095 subiti
812 1037 932 1096 ematis
949 1055 1001 1094 ora
1018 1034 1125 1094 videt.¹

257 1210 426 1276 Noveram
447 1204 573 1273 dudum
593 1197 645 1293 (et
666 1204 788 1273 multos
807 1229 884 1274 reor
904 1202 1054 1272 didicisse
1069 1227 1088 1270 e
1103 1201 1331 1270 florentissimi

260 1329 448 1407 temporum
473 1325 662 1381 nostrorum
691 1311 862 1405 scriptoris
884 1311 1075 1380 Christiano
1094 1301 1265 1402 poemate)
1278 1321 1332 1375 te-

261 1418 453 1520 trastichum
469 1417 503 1485 id
517 1415 569 1484 vel
586 1419 696 1512 potius
712 1416 933 1487 octostichum
949 1441 968 1484 e
985 1413 1162 1510 Pervigilio
1170 1415 1334 1499 Veneris,

260 1549 362 1618 quum
385 1525 426 1593 de
446 1528 570 1593 Amore
587 1523 689 1593 Nudo
712 1538 887 1592 narratur:

536 1703 552 1756 J
555 1715 637 1756 ussus
648 1710 690 1756 est
706 1698 825 1756 inermis
837 1697 893 1766 ire,

577 1793 681 1852 Nudus
694 1793 736 1850 ire
744 1794 841 1870 jussus
853 1805 912 1862 est,

539 1896 602 1949 Neu
618 1890 690 1968 quid
707 1911 793 1958 arcu,
809 1909 866 1948 neu
880 1890 1007 1966 sagittis,

580 1991 645 2046 Neu
659 1987 729 2064 quid
741 1988 807 2064 igne
819 1985 948 2044 laederet.
961 2027 969 2042 .
982 2028 989 2042 .

539 2084 596 2144 Sed
613 2099 723 2156 tanen,
739 2085 898 2164 Nymphae,
913 2096 1014 2141 cavete

579 2181 666 2255 Quod
683 2181 799 2261 Cupido
814 2182 937 2261 pulcher
951 2185 1016 2241 est!

539 2283 589 2336 Est
601 2278 730 2338 inarmis
743 2291 819 2336 totus
833 2277 929 2352 idem,

579 2374 705 2448 Quando
722 2374 817 2434 nudus
833 2381 989 2434 cathmor.

262 2549 368 2616 Porro
386 2543 622 2640 lepidissimum
646 2546 711 2615 hoc
729 2546 952 2640 epiphonema
968 2545 1013 2615 nil
1035 2545 1125 2615 aliud
1145 2562 1208 2634 est,
1231 2575 1332 2644 qrram

263 2653 403 2722 imitatio
423 2651 584 2722 Martialis
605 2654 872 2722 venustissimum
896 2677 1036 2747 puerum
1060 2655 1106 2723 sic
1128 2657 1293 2723 canentis:

342 2825 573 2904 Spendophorus
584 2825 710 2902 Libycas
722 2824 831 2884 domini
845 2825 917 2904 petit
933 2826 1057 2904 armlger
1068 2826 1170 2900 urhes3

422 2926 493 2994 Quae
508 2941 601 2998 puero
613 2919 703 2978 dones
715 2922 788 2988 tela,
801 2921 934 2998 Cupido,
947 2941 1025 3000 para.

343 3017 475 3076 Loricam
489 3017 680 3094 clypeumque
695 3015 744 3073 tibi
758 3017 925 3094 galeamque
939 3018 1053 3075 remitto
1065 3040 1073 3088 ;

425 3116 519 3171 Tutus
533 3123 565 3169 ut
578 3109 695 3170 invadat
710 3111 823 3190 praelia,
838 3111 933 3172 nudus
946 3127 1001 3171 eat.
1017 3125 1027 3150 ²

266 3287 355 3356 Num
375 3282 497 3376 aliquid
516 3283 551 3350 in
571 3283 876 3369 totoAnacreonte‚
889 3308 969 3352 uum
986 3286 1019 3352 iu
1034 3283 1184 3372 Catullo,
1201 3311 1282 3356 num
1299 3291 1334 3357 iu

267 3393 416 3476 Nasone,
432 3387 584 3473 Tibullo,
604 3389 778 3484 Propertio
799 3404 857 3458 aut
874 3392 1015 3460 Eroticis
1036 3392 1238 3462 nostratibus
1260 3419 1335 3464 sua·

267 3499 340 3566 vius
357 3497 502 3590 reperire
522 3510 589 3578 est,
610 3518 709 3587 quam
728 3495 761 3563 id
780 3497 995 3590 tetrastichon
1016 3497 1056 3566 de
1080 3498 1250 3567 Leandro:

384 3676 482 3740 Quum
498 3679 608 3745 peteret
622 3666 722 3726 dulces
736 3667 830 3726 audax
844 3668 994 3728 Leandrus
1009 3690 1121 3730 amores
1224 3664 1228 3677 ’

465 3770 501 3822 Et
516 3766 608 3823 fessus
622 3764 741 3823 tumidis
752 3765 813 3842 jam
829 3782 1010 3843 premeretur
1025 3768 1120 3845 aquis,

310 3979 334 4012 r.
345 3959 403 4011 Lib.
415 3959 470 4022 Vl,
482 3957 566 4028 epigr.
578 3974 667 4022 xxxiv,
677 3975 715 4010 vs.
733 3976 743 4010 1
759 3975 816 4028 sqq.

309 4058 333 4090 2.
344 4037 404 4090 Lib.
416 4036 505 4108 Speet.
520 4037 608 4089 XXV.
