2838 4918
248 349 335 396 xxvi
423 327 777 398 DISSERTATIO
804 331 873 398 DE
901 329 1130 400 INGENIO

248 459 435 528 testimonia
447 473 596 529 veterum
613 475 648 529 et
661 454 909 548 recentiorum.)
924 461 968 530 At
983 484 1045 528 nos
1063 461 1170 530 utrius
1189 461 1222 529 in
1237 485 1317 530 sen-

247 565 384 634 tentiam
411 564 555 636 ibimus?
578 564 728 652 Illiusne‚
754 567 807 636 cui
829 563 969 636 Bilbilici
994 568 1108 635 omnia
1136 579 1193 636 aut
1221 581 1318 638 certe

247 668 403 765 pleraque
424 669 556 764 placet,
628 748 631 752 ,

406 846 576 902 «Nocturna
589 837 706 904 versare
716 865 817 918 manu,
835 865 950 905 versare
963 846 1120 920 diurnap,¹

247 1035 290 1078 an
310 1008 396 1080 illius
419 1013 476 1106 qui
501 1009 583 1082 nihil
608 1011 711 1082 femie
733 1038 768 1082 se
796 1014 941 1108 reperire
970 1012 1115 1084 affirmat
1139 1014 1172 1084 in
1193 1013 1315 1085 libellis

246 1116 434 1210 quindecim
457 1118 520 1187 nisi
546 1118 656 1211 inepte
674 1133 708 1188 et
727 1119 890 1188 inurbane
907 1118 1014 1206 dicta,
1033 1119 1146 1190 sordes
1163 1134 1197 1189 et
1219 1119 1315 1191 face-

248 1223 308 1290 tias
328 1221 497 1292 inficetas?
516 1225 701 1317 Antequam
722 1224 763 1293 de
782 1224 833 1293 liis
852 1238 1056 1310 statuamus,
1078 1223 1175 1295 liceat
1196 1251 1316 1297 causas

246 1329 374 1422 aperire
389 1353 463 1422 qnae
474 1329 656 1399 istiusmodi
673 1331 873 1401 Aristarchis
890 1330 1098 1400 stomachum
1114 1346 1251 1401 movent
1271 1357 1313 1402 ac

247 1433 423 1504 fastidium.
757 1511 761 1530 ‚.

300 1543 462 1610 iuvenem
480 1539 623 1637 aliquem
641 1542 701 1613 tibi
721 1543 809 1638 finge
831 1567 870 1612 ex
887 1540 1046 1638 oppidulo
1067 1541 1233 1638 quolibet,
1251 1559 1313 1612 aut

249 1645 376 1735 villula,
389 1649 446 1716 ubi
461 1650 682 1721 Parisinarum
695 1673 807 1718 rerum
826 1651 927 1718 nescii
943 1650 1024 1736 sint,
1034 1650 1199 1719 Lutetiam
1212 1650 1314 1718 modo

248 1751 438 1840 advenisse,
455 1766 488 1822 et
505 1755 653 1848 ingresso
667 1754 754 1823 forte
768 1754 902 1822 fortuna
916 1753 1173 1849 thenuopolium
1189 1780 1208 1824 e
1221 1755 1316 1824 varia

218 1915 222 1932 ,
246 1861 467 1952 τετραπτύχων
481 1851 669 1954 ἐφημερίδων
684 1861 837 1954 congerie
852 1883 908 1928 eas
924 1862 1130 1955 potissimum
1147 1859 1218 1930 dari
1234 1863 1315 1955 qui-

247 1963 309 2032 bus
324 1963 450 2033 ludicra
458 1977 589 2034 tantum
601 1979 636 2035 et
644 1968 838 2060 nugatoria,
853 1963 971 2054 literae,
986 1979 1089 2052 artes,
1105 1966 1315 2061 spectacula,

248 2094 357 2139 mores
370 2084 404 2138 et
422 2067 530 2140 cultus
545 2069 768 2158 lacessuntur,
783 2087 821 2141 nt
833 2096 906 2165 quae
921 2075 1121 2142 Doemonem
1140 2071 1313 2143 'claudian

249 2199 337 2264 sese,
364 2163 647 2264 aut.Pr'ratam‚³
667 2193 725 2247 aut
739 2165 962 2247 Pandoraml
982 2176 1140 2273 appellari
1166 2178 1310 2248 volnere.

249 2283 409 2350 Omnium
433 2297 524 2353 certe
550 2286 726 2379 scriptores
752 2284 904 2354 acumina
926 2298 959 2353 et
978 2284 1094 2376 jocos,
1115 2282 1313 2378 elegantiam

248 2402 282 2455 et
300 2387 382 2458 sales
407 2387 584 2484 aliquando
605 2391 795 2478 inveniunt,
816 2405 1015 2486 perpetuum
1041 2404 1221 2479 venantur;
1235 2416 1314 2460 om·

248 2495 340 2563 nium
361 2497 538 2591 scriptores

371 2685 535 2750 ...captant
551 2671 625 2732 risus
638 2672 786 2732 hominnm
801 2673 965 2750 famamque
981 2669 1120 2744 dicacis;⁵

248 2839 327 2934 quid
344 2840 378 2908 in
396 2865 495 2910 causa
513 2856 625 2912 tamen
644 2857 695 2912 est
713 2867 773 2912 cur
788 2840 1053 2912 adolescentulus
1072 2856 1196 2929 noster,
1212 2867 1314 2936 quem

248 2944 437 3018 illiteratum
447 2972 514 3017 non
526 2948 676 3036 dicimus,
687 2947 767 3018 dum
781 2947 877 3043 legit,
889 2947 1022 3043 relegit,
1037 2946 1193 3042 perlegit,
1205 2971 1315 3043 neque

249 3051 371 3140 rideat,
386 3079 493 3148 neque
510 3053 578 3124 ullo
593 3053 693 3124 modo
711 3069 749 3124 ut
765 3054 871 3148 lepide
891 3055 912 3123 ii
926 3053 1134 3141 cavillentur,
1146 3069 1184 3121 ut
1196 3052 1314 3123 callide

249 3156 435 3247 adulentur,
450 3173 487 3229 ut
501 3161 675 3232 commode
688 3163 723 3231 in
739 3162 895 3257 ambigua
909 3184 992 3230 voce
1004 3160 1204 3254 jocnlentnr‚
1221 3183 1313 3230 asse-

249 3264 446 3360 quipossit?
1023 3255 1026 3262 ¹

301 3373 353 3440 En
382 3371 531 3467 opusculi
560 3377 734 3467 anonymi,
760 3373 852 3442 verbi
882 3374 1006 3467 gratia,
1033 3372 1132 3441 editio
1157 3373 1313 3468 princeps

292 3600 315 3635 r.
331 3583 395 3637 llaec
411 3584 465 3638 lere
478 3583 570 3639 Horat.
587 3587 643 3637 Art.
661 3585 735 3636 Poet.
752 3603 790 3637 vs.
809 3587 881 3652 269,
895 3580 942 3636 sed
952 3600 1121 3652 provenere,
1137 3580 1193 3651 ipse
1209 3579 1315 3650 scripsit

249 3675 368 3795 verm
381 3743 472 3794 Dicite
484 3744 585 3796 botteux.

292 3821 317 3873 3.
334 3824 368 3874 Le
382 3821 501 3875 Corsaire.

291 3911 317 3965 ,1.
332 3905 368 3955 Lu
383 3903 502 3955 Pandare.

293 3985 317 4036 5.
330 3983 421 4037 Horat.
434 3997 479 4036 sat.
495 3985 523 4048 l,
539 3989 615 4046 dms.
633 3983 682 4046 83;
697 3994 794 4051 captat,
811 4001 866 4034 non
877 3993 990 4050 captam,
1004 3992 1041 4033 est
1054 3981 1082 4034 in
1094 3991 1175 4032 textu.
