2838 4918
290 382 356 450 ET
383 383 650 450 OPERIBUS
677 383 986 450 MARTIALIS.
1084 407 1170 452 xuni

51 565 57 582 .
87 527 286 606 ponentes,
313 511 424 582 saeculi
454 513 552 606 liujus
580 513 714 582 decreta
736 529 769 582 et
792 515 972 583 sententias
997 514 1170 608 plerasque

19 631 21 668 *
86 618 333 702 rescindimus,
346 643 365 686 a
378 619 557 689 faventium
572 621 726 713 opinione
737 619 882 688 multum
892 622 1097 690 recessimus.
1107 623 1171 690 Ne-

87 749 164 816 que
180 726 216 792 in
233 725 481 794 conseribendis
495 725 787 820 epigrammatibus
802 739 954 809 tautum,
973 727 1053 820 quin
1071 727 1169 796 etiam

19 1057 21 1104 t

87 829 202 898 hodie
229 832 263 898 in
293 829 400 900 seoliis
424 845 457 902 et
480 831 601 900 odariis
627 853 708 924 quas
734 830 915 902 cantilenas
942 831 1169 928 appellamus,

89 935 293 1005 Martialem
307 961 422 1010 omnes
437 939 607 1006 imitantur
622 951 656 1005 et
669 936 882 1030 stropharum
900 952 1081 1008 extremam
1095 963 1170 1034 par·

90 1055 165 1109 tem
193 1057 320 1112 acuunt
336 1045 549 1112 exactissime.
566 1042 713 1132 Quidam
732 1042 830 1112 hodie
851 1042 884 1110 id
903 1042 1040 1114 moleste
1059 1045 1171 1114 ferunt

91 1163 127 1215 et
156 1150 357 1242 vituperare
384 1151 474 1218 visus
501 1163 552 1218 est
580 1163 709 1218 nostras
736 1145 884 1235 Bolaeus,
903 1173 1005 1242 quum
1032 1153 1064 1219 in
1090 1153 1169 1220 Arte

92 1256 233 1346 poetica
252 1255 324 1323 haec
346 1255 414 1350 fere
432 1255 513 1324 dicit
533 1253 656 1350 gallicis
674 1255 805 1324 verbis:

19 1449 20 1460 ,
511 1435 516 1446 .
531 1394 668 1468 ..Neque
682 1404 712 1448 tu
727 1410 794 1468 rege
809 1393 923 1470 spicula
938 1395 1069 1471 punctim

19 1477 21 1538 l
221 1493 319 1559 Vana,
334 1507 427 1564 neque
445 1476 616 1566 improbulo'
628 1485 749 1545 mordax
763 1487 971 1565 epigrammate
987 1488 1110 1548 caudam

19 1615 21 1732 l
222 1588 389 1642 ΕΕΕΕ·’

95 1733 179 1802 Non
191 1733 343 1828 equidem
358 1735 419 1804 hos
431 1758 493 1828 ego
505 1737 539 1802 in
550 1747 639 1802 astra
648 1732 835 1821 extulerim,
845 1734 903 1828 qui
915 1734 948 1800 in
963 1732 1086 1803 ultimis
1098 1760 1168 1803 ver-

96 1839 148 1908 bis
173 1841 270 1909 unice
290 1864 426 1935 operam
446 1839 580 1927 locant,
597 1841 745 1935 priorum
772 1837 1040 1934 negligentiores,
1060 1857 1166 1936 neque

19 1955 20 2050 l
97 1969 180 2014 sane
195 1946 411 2016 ah-acuminis
427 1947 615 2042 prestantia
631 1943 854 2032 laudaverim,
868 1970 1010 2039 quorum
1026 1969 1165 2015 acumen

97 2067 231 2120 tantum
248 2055 282 2120 in
296 2055 422 2122 octavis
435 2049 605 2122 versiculis
624 2053 751 2147 pungit.
771 2055 947 2120 Fateamur
962 2066 1091 2139 tamen,
1112 2056 1166 2122 cui

96 2154 228 2226 misello
245 2159 351 2228 Musae
369 2159 489 2254 ingenii
504 2160 580 2228 satis
597 2159 793 2244 annuerint,
811 2173 849 2226 ut
867 2159 1055 2252 ingeniosus
1074 2159 1165 2227 iden·

97 2263 202 2333 tidem
214 2263 376 2351 videatur,
387 2291 454 2335 nou
468 2267 546 2334 satis
558 2279 595 2332 ut
608 2263 805 2360 perpetuum
818 2263 978 2352 videatur,
990 2265 1075 2333 bene
1089 2291 1165 2334 eum

98 2373 131 2438 in
142 2368 299 2440 clausulis
312 2373 477 2466 precipue
488 2370 675 2458 elaborare,
687 2385 722 2440 et
734 2371 860 2466 gratius
872 2395 933 2439 nos
943 2371 1046 2456 affici,
1060 2396 1162 2466 quum

97 2478 246 2570 pessimo
267 2476 403 2546 exordio
422 2479 568 2572 optimus
589 2477 664 2546 finis
687 2478 909 2570 subjungitur,
927 2500 1027 2570 quarn
1045 2479 1072 2546 si
1089 2481 1163 2571 quis

19 2639 20 2642 ,
98 2582 256 2676 praeclare
281 2584 461 2678 incipiens,
483 2582 695 2653 mediocriter
714 2581 767 2652 vel
784 2580 871 2651 male
897 2582 1072 2651 desineret.
1098 2587 1162 2652 Per

99 2686 209 2758 hiulca
234 2689 362 2758 viarum
389 2704 422 2758 et
445 2688 598 2760 horridos
626 2689 745 2758 dumos
773 2689 964 2783 perveniam
989 2687 1095 2758 libens
1119 2689 1161 2758 ad

101 2793 285 2888 splendidas
302 2795 403 2881 aedes,
420 2812 477 2866 aut
494 2795 678 2890 elegantem
697 2793 860 2883 casulam;
880 2808 914 2863 at
929 2795 955 2864 si
974 2794 1160 2890 splendidas

19 2965 20 2976 ,
100 2900 183 2970 aedes
194 2915 229 2970 et
240 2925 386 2971 amoenas
397 2905 466 2972 vias
477 2903 652 2989 evaserim,
661 2901 783 2971 durum
795 2901 858 2969 erit
871 2899 923 2970 vel
933 2916 1092 2998 tegetem,
1105 2900 1157 2971 vel

19 3029 20 3040 ¹
100 3005 243 3076 desertos
259 3006 349 3078 locos
365 3009 638 3104 peregrinationis
656 3007 756 3077 linem
772 3008 904 3077 habere.
1006 3045 1008 3052 ·

150 3116 278 3184 Cuncta
293 3138 381 3183 nunc
395 3115 464 3184 fere
478 3115 638 3200 diximus,
652 3139 724 3207 quae
738 3113 779 3183 de
795 3112 946 3182 Martiale
960 3113 1156 3209 disputanda

19 3221 20 3224 ’
99 3219 197 3288 erant.
209 3219 370 3310 Quaedam
380 3235 490 3290 tamen
501 3220 817 3290 reservavirnushoc
830 3219 903 3288 loco
912 3219 1157 3314 perpendenda

99 3324 226 3394 Scilicet
236 3329 392 3396 Nostroa
407 3324 532 3396 frivolis
549 3325 758 3395 homunculis
775 3325 841 3394 duo
854 3351 939 3420 saepe
954 3325 1157 3421 exprobran-

19 3437 20 3464 ¹
99 3446 161 3518 tur,
172 3431 317 3501 adulatio
332 3432 417 3502 foeda
433 3458 512 3528 erga
527 3435 703 3527 pessimum
719 3434 970 3527 imperatorem,
985 3447 1018 3501 et
1032 3435 1155 3527 impro-

98 3536 177 3608 bitas
195 3539 418 3633 pathicissima
438 3541 471 3606 in
491 3541 668 3609 amatoriis.
684 3537 815 3626 Quibus
837 3536 1020 3633 paullulum
1040 3541 1156 3608 immo·

99 3648 161 3714 rari
182 3670 290 3742 operae
308 3648 452 3740 pretium
470 3671 541 3715 esse
559 3660 652 3740 puto.

178 3853 200 3888 r.
211 3837 245 3890 Et
258 3836 352 3889 u'allez
362 3855 408 3908 pas
421 3839 542 3907 toujours
555 3833 634 3888 d’uoe
649 3836 743 3906 pointe
759 3835 854 3887 frivole

207 3933 329 4005 diguiser
339 3951 388 4007 par
400 3935 425 3986 la
440 3951 525 4004 queue
538 3951 591 3985 une
606 3933 767 4004 dplgramme
779 3931 850 3984 folle.

525 4029 663 4096 Romanu,
673 4029 724 4082 Art
737 4031 832 4100 Podtip.
847 4029 942 4083 Chant.
956 4031 1006 4082 111.
