2838 4918
462 499 743 568 PRAEFATIO.
840 485 842 494 ⁴
1115 521 1138 564 v

75 679 162 746 rura,
177 656 347 744 inaudita,
369 659 484 750 ingens
505 658 710 744 dominatio;
731 679 795 751 qua
816 672 969 726 manente
987 673 1135 730 necessa·

78 785 156 850 rium
172 796 262 868 crat,
280 795 318 850 ut
337 779 453 850 urbem
471 783 505 848 in
523 803 623 850 unam
640 795 690 849 tot
708 781 915 850 confluerent
933 781 1047 876 populi
1060 811 1075 867 ,·
1089 799 1140 853 tot
1210 761 1215 772 Ι

78 906 300 1000 magistratus,
314 917 366 973 tot
383 903 467 974 ritus
477 918 513 972 et
535 927 660 990 mores,
673 919 724 974 tot
745 902 940 998 religiones,
958 919 1009 974 tot
1030 905 1136 1000 philo·

12 1063 13 1068 *
78 1027 280 1122 sophantium
306 1041 427 1111 sectae,
450 1039 573 1096 ettam
592 1027 674 1096 mim
692 1027 916 1098 effloresceret
937 1041 1138 1099 staturarum

77 1166 320 1246 etcorporum,
340 1151 568 1245 ingeniorum,
591 1150 753 1238 vestium,
768 1149 908 1239 aedium,
925 1125 1077 1221 laborum
1093 1153 1141 1222 di·

77 1271 233 1342 versitas?
250 1273 365 1360 Quum
385 1295 425 1340 ex
446 1273 484 1340 iis
508 1268 590 1339 nihil
606 1271 676 1363 jam
694 1296 755 1341 nos
781 1271 967 1359 videamus,
986 1275 1060 1367 quis
1080 1275 1140 1342 mi·

77 1404 208 1491 rabitur,
220 1401 312 1472 haud
325 1400 419 1472 facile
431 1427 468 1472 ea
485 1401 636 1495 intelligi,
651 1427 724 1494 quae
743 1403 925 1472 istiusmodi
943 1429 993 1473 res
1011 1430 1141 1499 semper

12 1619 13 1624 ἵ
76 1540 221 1614 narrant,
238 1551 371 1620 semper
391 1524 559 1595 innuunt?

12 1649 13 1658 ’
124 1651 168 1718 At
182 1647 264 1717 nihil
283 1649 379 1718 nobis
392 1675 432 1717 ex
445 1651 483 1718 iis
498 1649 627 1736 deerat,
646 1673 719 1742 quae
732 1647 900 1718 laboribus
917 1653 1038 1719 nostris
1053 1653 1141 1720 auxi·
1186 1640 1191 1654 ’

78 1773 151 1840 lium
171 1771 260 1840 ferre
273 1787 415 1866 possent.
434 1775 523 1842 Nam
542 1770 638 1840 multi
660 1786 736 1840 ante
754 1797 831 1856 nos,
857 1787 890 1840 et
909 1775 931 1840 ii
951 1771 1141 1843 celebratis-

79 1897 146 1963 simi
161 1893 307 1979 viri,his
324 1895 616 1990 epigrammatibus
633 1894 686 1964 vel
704 1893 900 1990 quibusdam
921 1895 973 1964 vel
989 1895 1142 1965 omnibus

79 2033 238 2087 cavarunt
260 2021 390 2113 egregie
411 2043 566 2112 operam,
589 2043 672 2112 quos
694 2020 779 2086 inter
802 2020 1011 2088 nominemus
1029 2019 1141 2088 liade·
1191 2081 1195 2088 .

12 2223 13 2230 ἵ
78 2166 167 2229 nrm,
187 2142 429 2226 Ramiresiurn,
452 2142 665 2226 Farnobium,
687 2131 886 2225 Gruterum,
907 2144 1140 2230 Gronovium,

12 2303 13 2342 2
79 2263 307 2352 Calderinum,
325 2264 610 2349 Musambertum,
631 2263 879 2352 Schrevelium,
902 2264 1141 2336 Beverlandum

78 2402 108 2456 et
117 2390 239 2457 Anton.
252 2388 427 2481 dellooy:
442 2402 475 2455 et
487 2402 662 2482 praeterea,
676 2387 766 2480 quod
782 2387 893 2456 utilius
908 2389 1044 2457 forsitan
1057 2415 1144 2482 saepe

79 2509 156 2597 suit,
175 2509 272 2580 multi
289 2510 330 2580 de
354 2513 513 2579 Romanis
533 2511 782 2603 antiquitatibus
805 2513 1029 2604 copiosissime
1051 2525 1142 2579 etex

79 2634 225 2728 professo
248 2638 459 2730 scripserunt.
486 2639 565 2704 Haec
590 2659 692 2728 quum
714 2631 942 2712 abundarent,
960 2631 1040 2701 nihil
1059 2635 1144 2726 jam,

81 2773 113 2827 ut
123 2759 215 2828 haud
223 2758 404 2828 absurdum
414 2783 497 2853 opus
512 2756 748 2845 absolveretur,
763 2781 895 2827 necesse
911 2770 997 2843 erat,
1012 2757 1072 2824 nisi
1090 2759 1145 2824 im·

78 2882 201 2976 probus
221 2881 316 2952 labor
334 2897 367 2951 et
383 2885 562 2978 pertinacia
584 2905 711 2952 summa
735 2885 767 2950 in
789 2879 946 2976 eligendis
967 2895 1001 2950 et
1019 2905 1143 2950 exsen-

78 3005 191 3075 bendis
212 3009 318 3092 notis,
336 3007 425 3101 quod
447 3031 508 3075 nos
524 3007 566 3075 ad
585 3009 656 3076 haec
678 3031 739 3100 pro
759 3005 841 3074 virili
858 3019 951 3099 parte
967 3003 1143 3074 contulisse

77 3128 277 3197 arbitramur
304 3141 337 3196 et
351 3112 542 3222 gloriamur.
558 3128 750 3198 Proferatur
772 3150 851 3220 ergo
870 3127 1004 3196 demum
1025 3126 1103 3218 quid
1126 3149 1145 3193 a
1227 3133 1229 3138 ’

78 3249 171 3319 nobis
187 3251 220 3316 in
239 3273 327 3319 nova
343 3249 407 3318 hac
428 3249 569 3320 editione
592 3249 773 3343 praestitum
791 3250 850 3316 sit:

135 3374 175 3440 1⁰
194 3373 308 3441 Vitam
325 3371 502 3458 Martialis,
520 3372 678 3464 judicium
698 3387 731 3440 et
747 3371 933 3440 testimonia
945 3373 993 3440 'de
1010 3387 1144 3443 auctore

77 3513 108 3567 et
126 3497 312 3568 editionum
326 3497 477 3566 notitiam
491 3495 685 3584 literariam,
703 3511 740 3564 ut
763 3521 834 3565 mos
855 3509 969 3564 noster
989 3512 1052 3584 est,
1066 3521 1144 3591 prae·

78 3623 246 3706 misimus,
268 3645 352 3691 cum.
367 3619 594 3689 dissertatione
614 3619 655 3688 de
674 3622 786 3688 metris
807 3617 968 3688 Martialis
983 3633 1017 3688 et
1038 3620 1145 3690 indice

77 3744 289 3840 alphabetico
318 3747 593 3839 epigrammatum
617 3742 780 3813 indicente
807 3757 865 3812 aut
887 3744 1010 3838 primas
1030 3767 1145 3833 voces,

78 3884 138 3938 aut
150 3869 325 3955 lemmata;
343 3883 414 3938 tum
429 3870 544 3937 tertius
560 3865 724 3952 declarat,
738 3891 837 3959 quem
857 3891 1033 3937 numerum
1051 3869 1084 3936 in
1101 3871 1145 3938 di·

80 3994 182 4064 versis
207 3991 407 4062 editionibus
430 4015 468 4061 ea
487 3990 680 4085 praeferaut;
703 4007 840 4084 quartus
860 4015 939 4060 vero
962 3994 1073 4060 omnia
1090 3991 1145 4060 illa

81 4118 113 4183 in
134 4115 225 4186 locos
246 4139 440 4185 communes
460 4113 636 4183 distribuit.

948 4219 985 4298 ἱι3
