2838 4918
279 476 324 520 xc
456 457 809 528 DlSSERTATIO
836 461 905 528 DE
932 460 991 528 IN
1000 461 1173 531 GENIO

400 583 455 635 Per
466 577 547 656 cujus
563 578 668 658 digitos
677 580 771 658 currit
778 581 850 639 levis
864 581 988 640 anntdus
997 599 1117 654 omnes3

435 678 526 733 Crura
538 676 612 754 gerit
622 676 704 735 nullo
717 678 768 754 qui
778 677 886 736 violata
898 677 980 756 pilo?

402 812 667 829 ..............
675 773 782 832 Uxoris
798 791 845 832 res
858 773 934 852 agit,
947 773 1054 849 inquis.

394 965 452 1020 Res
467 961 565 1019 uxoris
581 962 658 1039 agit?
672 983 718 1022 res
732 964 825 1022 nullas
836 964 979 1042 crispulus
993 963 1062 1022 iste:

434 1065 492 1119 Res
503 1078 563 1116 non
577 1060 691 1132 uxoris,
702 1079 748 1120 res
759 1060 818 1140 ugit
825 1060 879 1119 iste
890 1072 962 1118 tuas.
972 1075 980 1100 ¹

274 1239 328 1304 En
343 1235 410 1304 duo
424 1259 498 1329 quae
511 1235 788 1305 commendantur
802 1237 966 1306 brevitate
980 1261 1057 1306 soa:
1071 1241 1180 1332 prius,
1194 1254 1231 1308 ut
1246 1255 1350 1334 puto,

274 1343 307 1408 in
323 1339 448 1411 malum
467 1356 620 1436 poetam:

394 1523 500 1582 Scribit
513 1525 543 1581 in
559 1543 659 1584 aversa
669 1526 771 1584 Picens
782 1527 987 1605 epigrammata
1003 1526 1118 1599 charta;

434 1626 470 1680 Et
480 1620 576 1695 dolet,
588 1641 690 1681 averso
702 1622 781 1699 quod
794 1623 861 1680 lacit
872 1621 921 1681 illa
938 1625 1028 1692 Deo.¹

274 1803 454 1894 posterius,
472 1799 514 1867 de
532 1800 718 1870 ardelione:

392 1985 513 2058 Semper
523 1981 583 2057 agis
597 2001 714 2052 causas,
725 1995 755 2040 ct
767 2001 813 2040 res
828 1983 902 2059 apis,
917 1984 1028 2057 Attalo,
1038 2003 1166 2062 semper:

432 2083 499 2150 Est,
514 2097 575 2136 nou
590 2077 728 2156 estquod
742 2099 825 2157 agns5
839 2081 952 2152 Attalo,
967 2099 1081 2159 semper
1095 2082 1172 2160 agis5

396 2175 427 2232 si
438 2195 485 2233 res
496 2189 524 2233 et
534 2195 627 2234 causae
638 2175 759 2249 desunt,
771 2177 848 2256 agis,
860 2177 974 2249 Attale,
985 2179 1088 2236 mulas.

431 2272 539 2343 Attalo,
548 2291 584 2328 ne
596 2270 675 2350 quod
689 2293 755 2350 agas
765 2271 854 2345 desit,
867 2293 934 2351 agas
945 2273 1097 2332 animam³

324 2455 408 2542 Quae
416 2466 528 2520 tamen
542 2450 636 2519 dotes
647 2452 769 2548 ingenii
780 2451 813 2518 in
826 2451 983 2546 exemplis
999 2452 1099 2521 modo
1111 2451 1216 2524 allatis
1229 2453 1342 2527 eluce-

272 2574 386 2642 scunt,
397 2581 511 2626 earum
522 2555 634 2625 multis
647 2557 927 2652 epigrammatarii
935 2572 1012 2627 ante
1023 2572 1138 2626 natum
1149 2560 1342 2632 Martialem

272 2666 482 2750 claruerunt,
509 2688 616 2757 neque
638 2662 680 2731 ab
694 2663 765 2731 bac
787 2678 881 2758 parte
903 2689 982 2759 ergo
1003 2666 1112 2733 virum
1139 2665 1182 2733 ab
1204 2662 1341 2736 illorum

271 2773 370 2841 turba
391 2771 509 2840 merito
527 2772 768 2864 segregaveris,
784 2772 841 2864 qui
855 2771 920 2840 boc
941 2769 1180 2864 qualecumque
1199 2797 1342 2866 poeseos

272 2901 376 2972 genus
395 2877 466 2969 pari
485 2876 594 2944 studio
613 2875 754 2944 coluere.
773 2875 839 2944 Sed
857 2900 924 2945 una
941 2874 1012 2944 laus
1027 2890 1093 2958 est,
1110 2900 1210 2970 quam
1227 2877 1341 2950 nullus

271 2998 349 3052 ante
371 3007 446 3050 eum
470 2981 530 3050 sibi
551 2984 684 3076 proprie
707 2981 876 3051 vindicare
897 2983 1073 3076 potuisset,
1094 2979 1147 3050 ille
1173 2983 1341 3072 vindicat,

271 3113 392 3183 nempe
413 3088 566 3155 acumina
584 3089 617 3155 in
636 3086 806 3171 clausulis,
823 3101 856 3156 et
871 3088 918 3157 sic
933 3075 1339 3185 Επιγραμματολογούντων

269 3195 453 3290 principem
472 3193 563 3260 bunc
575 3193 662 3288 juste
678 3195 933 3281 renuntiaveris,
946 3197 1070 3289 quippe
1085 3195 1142 3286 qui
1160 3197 1339 3291 Epigram-

271 3303 350 3368 mati
362 3325 487 3369 novum
498 3300 813 3394 ingenium,n0vum
824 3299 1015 3370 charactera
1022 3303 1214 3396 imposuerit
1227 3325 1340 3372 :nam-

269 3431 334 3500 que
351 3407 513 3502 principio
535 3407 766 3501 Epigramma,
782 3421 819 3475 ut
838 3407 946 3502 ipsum
967 3406 1090 3478 indicat
1109 3431 1233 3476 nomen
1251 3403 1338 3498 (im-
1364 3493 1369 3502 ¹

267 3512 402 3607 γράφειν,
414 3505 618 3600 inscribere),
625 3511 671 3580 nil
682 3511 770 3580 aliud
784 3513 857 3600 luit,
870 3537 969 3607 quam
985 3513 1074 3607 quod
1086 3537 1149 3611 pro
1162 3512 1271 3608 elogio
1283 3515 1335 3582 in-

268 3617 480 3712 sculpebatur
493 3609 705 3712 imaginibus,
720 3620 836 3712 signis,
849 3622 999 3713 tropaeis,
1013 3619 1179 3714 sepulcris.
1193 3618 1255 3688 Illa
1269 3644 1336 3688 au-

267 3741 334 3794 tem
348 3723 454 3816 elogia
468 3723 633 3792 interdum
641 3722 747 3792 soluta
758 3727 907 3795 oratione
922 3726 1162 3814 scribebantur,
1178 3738 1214 3794 ut
1230 3727 1311 3819 Cyri
1326 3754 1333 3794 :

311 3961 335 3994 r.
351 3941 410 3993 Lib.
420 3941 453 4000 V,
468 3940 550 4010 epigr.
566 3957 622 3990 nxt.

229 4054 232 4067 ι
308 4041 333 4073 a.
346 4017 594 4088 Lih.vl11‚epigr.
609 4036 675 4069 nxtt.

305 4107 330 4152 3.
342 4099 400 4150 Lib.
413 4100 443 4162 l,
454 4099 536 4182 epigr.
548 4114 621 4149 cxxx.
