2838 4918
276 477 421 526 xxxviii
450 451 803 523 DISSERTATIO
830 457 899 524 DE
925 453 1160 524 INGENIO

434 574 506 648 Quis
521 593 580 630 non
597 591 657 632 esse
670 591 785 652 gregem
798 574 949 632 crederet?
963 591 1037 630 unus
1051 585 1131 630 erat:

395 671 451 732 Sed
462 671 543 749 cujus
555 684 712 730 tremerent
727 672 781 749 ipsi
796 690 915 748 quoque
925 671 992 748 jura
1008 670 1122 740 leones,

432 769 487 828 Cui
498 768 631 826 diadema
647 767 730 826 daret
744 787 888 826 marmore
904 769 983 846 picta
998 771 1116 827 Nomas.

393 870 570 942 Oquantum
584 885 638 943 per
650 865 724 922 colla
738 864 843 936 decus,
857 885 945 942 quem
959 864 1064 942 sparsit
1075 863 1218 921 honorem

433 967 533 1020 Aurea
544 961 649 1019 lunatae
662 980 752 1038 quum
767 963 846 1020 stetit
860 959 963 1018 umbra
971 958 1066 1037 juba!

393 1058 479 1118 Unde
496 1059 569 1129 tuis,
584 1057 692 1136 Libye,
705 1070 762 1116 tam
779 1058 849 1116 felix
865 1057 956 1136 gloria
970 1056 1084 1114 silvisI¹

272 1213 410 1298 Nonne,
425 1212 563 1298 amabo,
577 1209 837 1303 Dithyrambicis
856 1209 997 1278 flammis
1010 1207 1262 1277 incalescentem
1278 1229 1346 1274 va·

274 1331 341 1385 tem
364 1317 509 1402 diceres,
529 1340 632 1410 quum
654 1315 724 1384 haec
747 1314 856 1384 canit?
873 1340 954 1383 num
974 1312 1156 1398 Pindarus,

631 1515 638 1529 .
651 1517 658 1532 .
670 1515 678 1528 .
691 1472 751 1530 ‚cui
763 1491 843 1530 mens
854 1471 990 1544 divinior,
1002 1483 1089 1548 atque
1099 1487 1132 1526 os

339 1559 341 1564 ’
393 1567 500 1642 Magna
512 1571 700 1634 sanaturum,

275 1723 379 1818 magis
403 1721 542 1794 enituit?
563 1747 642 1792 num
670 1725 704 1791 in
732 1723 846 1818 figuris
872 1719 1043 1814 AEschylus
1071 1733 1130 1787 aut
1157 1715 1346 1811 Sophocles

274 1829 443 1917 audacior,
462 1853 561 1922 quam
583 1854 684 1922 quum
708 1826 761 1896 ille
782 1830 848 1897 ait:

393 1997 503 2051 Tantus
516 1993 546 2050 in
560 1993 686 2050 Ausonia
699 1991 816 2049 fremuit
830 1990 918 2050 modo
930 2003 1027 2049 terror
1039 2010 1144 2060 arena,

275 2125 309 2178 et
327 2110 412 2179 infra
426 2138 433 2177 ε

475 2235 572 2288 Aurea
586 2231 707 2288 lunatae,
721 2275 727 2286 .
742 2275 748 2286 .
766 2228 844 2286 stetit
857 2227 961 2286 umbra
968 2225 1062 2304 jubael

276 2393 377 2485 Atqui
396 2388 469 2459 talis
480 2415 565 2486 saepe
582 2387 729 2459 audaciae
744 2414 859 2458 versus
878 2391 912 2456 in
931 2385 1100 2482 opusculis
1117 2385 1230 2456 Nostri
1240 2381 1346 2454 levio·

276 2497 369 2566 ribus
389 2498 533 2592 reperire
555 2511 625 2582 est,
643 2497 699 2564 ubi
721 2521 752 2565 v.
773 2521 804 2590 g.
828 2495 869 2564 de
887 2492 1056 2590 plausibus
1077 2507 1111 2561 et
1132 2489 1346 2562 acclamatio·

275 2605 373 2673 nibus
390 2627 464 2697 quae
482 2603 665 2698 principem
689 2602 1029 2696 circumstrepebant:

393 2767 565 2828 Sarmaticas
580 2767 666 2824 etiarn
680 2779 795 2845 gentes,
811 2770 992 2842 Istrumque,
1006 2767 1152 2840 Getasque

435 2865 553 2923 Laetitiae
569 2864 679 2921 clamor
692 2863 796 2921 terruit
808 2863 869 2940 ipse
882 2872 990 2918 novae.²

276 3041 309 3095 et
327 3025 360 3094 id
374 3026 416 3095 de
433 3025 550 3094 eodem
569 3027 787 3119 imperatore:

394 3191 449 3250 llic
465 3190 543 3249 stetit
553 3190 654 3248 Arctoi
667 3191 811 3248 formosus
825 3189 946 3267 pulvere
963 3187 1068 3260 belli,3

274 3371 307 3424 et
321 3354 523 3450 apostrophe
539 3377 655 3422 severa
665 3351 707 3420 ad
722 3353 827 3422 victas
841 3353 1087 3420 Germanorum
1100 3362 1243 3431 turmas,
1259 3371 1344 3442 quas

275 3486 295 3529 a
313 3461 449 3530 flumine
471 3475 582 3529 arcet:

393 3625 530 3696 Barbare,
541 3643 599 3682 non
612 3623 715 3696 debet,
730 3621 865 3682 submoto
877 3623 957 3694 circ,
971 3621 1101 3679 ministro

432 3723 581 3798 Captivam
596 3721 700 3778 victrix
710 3720 788 3778 unda
799 3721 896 3778 levare
907 3717 1013 3776 sitim

316 3903 341 3938 1.
355 3882 414 3935 Lib.
425 3881 507 3945 VIII,
517 3881 601 3952 epigr.
612 3899 656 3944 nv,
667 3898 706 3932 vs.
721 3879 747 3932 ὅ.

315 3983 338 4016 a.
352 3959 420 4014 ibid,
433 3961 516 4030 epigr.
527 3979 566 4013 111.

314 4043 339 4094 3.
353 4039 424 4092 Ibid.
439 4038 522 4110 epigr.
533 4058 592 4104 nxv,
601 4058 637 4091 vs.
652 4038 676 4090 3.

313 4127 338 4183 4.
352 4121 411 4172 Lib.
421 4119 475 4182 XI,
484 4119 566 4190 epigr.
576 4136 637 4171 xcrr
646 4136 697 4182 ,rs
711 4118 726 4169 3
738 4129 764 4170 et
775 4125 800 4179 4.
