2838 4918
283 437 358 504 ET
387 436 653 506 OPERIBUS
676 439 975 508 MARTIALIS.
1084 467 1170 512 xxxi

104 567 245 636 busdam
260 567 413 636 homines
430 569 480 636 sui
495 566 614 636 similes
628 569 702 638 sint.
717 569 782 637 Sed
798 572 831 637 in
847 569 957 640 multis
971 571 1170 668 discrepant,

103 688 139 741 et
159 673 230 742 haee
249 673 370 766 quibus
393 673 582 766 discrepant
603 672 704 767 vulgo
724 689 868 744 tractant
885 679 1120 775 Satyrographi
1138 696 1171 749 et

1 823 2 826 =
103 780 416 874 Epigrammatarii3
438 803 511 872 quae
536 778 664 874 singula
691 795 725 849 et
746 779 841 850 facile
860 784 1032 854 variantur
1053 801 1086 854 et
1105 789 1171 856 cito

102 899 316 955 evanescunt.
323 887 414 978 Ergo
422 887 449 952 si
462 886 534 978 quis
543 887 652 978 arguti
663 899 696 954 et
711 884 952 980 aliquantulum
965 891 1106 985 improbi
1119 895 1170 961 in-

1 1019 2 1022 *
103 992 193 1084 genii
207 992 261 1058 vir
274 992 514 1075 exstiterit,cui
526 990 617 1078 urbis
634 1006 763 1060 aeternae
780 995 906 1088 antiqui
924 995 1005 1063 ritus
1018 1012 1051 1066 et
1062 1023 1171 1066 mores

102 1095 244 1190 perinde
277 1098 484 1165 innotescant
512 1121 611 1190 quam
646 1095 838 1190 elegantulis
869 1102 989 1170 nostris
1025 1105 1170 1172 Parisina

1 1225 2 1242 ¹
102 1204 234 1285 omnia,
257 1200 311 1270 ille
333 1200 471 1272 Bilbilici
492 1203 625 1272 sacrarii
645 1218 751 1297 mysta

183 1345 251 1400 Non
266 1341 338 1398 feret
349 1340 427 1399 bunc
441 1353 551 1428 tantum
562 1361 571 1410 ς
584 1341 635 1398 sed
650 1338 774 1418 ubique,
791 1362 844 1420 per
858 1363 940 1416 arva,
957 1363 1010 1423 per
1023 1343 1125 1409 urbem

224 1441 288 1496 Jam
304 1437 391 1508 leret,
405 1436 536 1494 assiduus
554 1437 644 1496 lector
658 1437 687 1496 in
701 1451 777 1496 astra
791 1439 871 1498 leret.

160 1583 211 1648 Re
229 1579 361 1676 quidem
379 1603 456 1648 vera
476 1577 585 1648 nullus
603 1605 643 1648 ex
662 1580 712 1648 his
731 1583 788 1673 qui
808 1583 1093 1676 Epigrammatum
1115 1613 1169 1682 ge-

104 1712 170 1756 nus
183 1683 334 1770 coluere,
350 1701 464 1754 nostro
480 1684 616 1754 meliora
631 1688 833 1781 composuit,
847 1688 943 1782 pauci
963 1715 1054 1784 aeque
1073 1693 1169 1762 bona.

104 1796 204 1862 Duos
214 1793 294 1861 novi
307 1793 393 1860 inter
406 1793 578 1861 Nostrates
591 1792 647 1886 qui
659 1789 768 1886 lyricae
779 1817 916 1888 poeseos
930 1797 1073 1866 artifices
1087 1825 1170 1868 sum-

104 1901 172 1984 mi,
190 1923 293 1992 quum
320 1895 544 1992 Polyhymnia
569 1897 723 1966 barbiton
748 1923 849 1994 grave
874 1901 1078 1973 citharamve
1108 1909 1171 1974 Eu-

1 2099 2 2106 *
105 2021 216 2100 terpes
236 2004 425 2073 desererent
446 2029 508 2098 pro
527 2003 641 2073 Thalia
664 2004 831 2091 Bilbilica,
859 2007 893 2074 in
917 2009 982 2078 suis
1003 2011 1171 2106 Epigram-

105 2110 251 2180 matibus
279 2109 474 2179 transtulere
507 2125 577 2178 tum
605 2112 671 2178 vim
703 2111 824 2206 ingenii
856 2113 986 2208 igneam
1018 2131 1050 2185 et
1077 2121 1170 2212 quasi

1 2214 2 2222 ἵ
105 2215 318 2303 fulmineam,
335 2230 407 2284 tum
427 2216 573 2310 rhythmi
591 2213 787 2310 elegantiam
806 2233 839 2286 et
861 2221 1013 2290 nitorem.
1034 2225 1078 2290 At
1099 2227 1168 2294 No·

1 4151 3 4282 l

105 2337 212 2391 strum
234 2346 297 2418 ego
316 2323 465 2390 existimo
486 2345 593 2415 neque
615 2323 649 2390 in
671 2323 857 2418 spargendo
878 2325 974 2396 melle
997 2343 1055 2397 aut
1075 2329 1170 2416 felle,

105 2453 214 2524 neque
234 2429 268 2496 in
288 2427 470 2522 pangendis
491 2427 660 2497 versiculis
681 2429 871 2498 concedere.

158 2534 249 2602 Num
278 2535 371 2628 cupis
397 2531 496 2602 molle
520 2533 676 2627 quiddam
701 2550 735 2604 et
755 2534 952 2624 delicatum;
975 2538 1050 2607 vide
1071 2565 1169 2636 quam

105 2637 223 2712 callide
242 2640 383 2708 amicam
403 2637 530 2709 donans
548 2637 669 2709 fictitiis
688 2643 790 2710 comis
811 2641 999 2712 blandiatur
1020 2643 1116 2716 simul
1138 2663 1171 2715 et

108 2771 142 2814 se
156 2760 311 2816 excuset:

266 2888 375 2943 Arctoa
390 2882 426 2940 dc
442 2897 527 2960 gente
542 2903 652 2943 comam
668 2883 734 2956 tibi,
750 2885 869 2958 Lesbia,
884 2889 963 2966 misi,

307 2983 346 3038 Ut
358 2979 445 3038 scires
457 2993 566 3057 quanto
583 2980 619 3038 sit
633 2995 680 3040 tua
696 2981 769 3038 tlara
786 2981 895 3059 magis.¹

106 3136 207 3206 quam
234 3126 351 3206 argute
375 3111 487 3196 laudet
503 3111 662 3182 caelatoris
684 3116 718 3180 in
742 3117 981 3186 toreumatibus
1003 3121 1172 3211 peritiam,

108 3233 142 3286 et
160 3217 194 3287 id
215 3217 366 3312 Virgilii:
378 3218 566 3311 «spirantia
584 3242 649 3288 aera
662 3217 698 3283 η’
714 3234 868 3288 exacuat:

326 3371 406 3432 Artis
418 3371 563 3430 Phidiacae
579 3387 710 3432 toreuma
721 3375 829 3432 clarum

325 3469 419 3529 Pisces
434 3469 553 3548 aspicis:
569 3469 643 3529 adde
660 3491 782 3548 aquam,
799 3471 948 3532 natabunt.
963 3475 975 3512 ³

106 3637 165 3691 aut
186 3644 288 3716 quam
310 3621 484 3691 commode
503 3647 541 3692 ac
560 3625 653 3718 quasi
670 3625 890 3718 incogitanter
907 3625 950 3694 ad
968 3629 1174 3723 imperatoris

105 3727 220 3796 laudes
241 3725 395 3796 decurrat
412 3751 432 3795 a
450 3729 544 3822 pueri
563 3731 611 3828 sui
626 3729 748 3800 basiis:

149 3929 175 3963 ι.
185 3909 246 3960 Lib.
257 3909 293 3973 V,
303 3908 386 3980 epigr.
399 3927 469 3961 ιω.

148 4007 173 4041 a.
183 3987 261 4060 Virg.
274 3987 380 4042 AEueid.
393 3987 440 4042 lib.
452 3988 555 4054 V1,rr.
569 3990 634 4054 848.

149 4067 175 4119 3.
186 4067 311 4133 tium,
325 4067 409 4140 epigr.
425 4085 501 4122 xxxv.
