2838 4918
419 483 492 550 ΤΗ.
522 483 820 552 FARNABIUS.
1114 507 1150 552 xi

20 599 21 626 ¹
90 641 186 711 quem
204 627 352 708 agyrtam
369 637 436 683 non
453 614 571 708 puduit
585 615 815 708 perstringere.
833 616 971 682 Horruit
986 615 1066 682 mihi
1083 618 1150 684 ani-

90 746 163 791 mus
183 723 311 816 aperire
326 721 505 808 sentinam,
524 735 582 790 aut
596 741 732 790 movere
747 719 894 790 cloacam
910 745 918 786 τ
937 740 1043 814 neque
1059 709 1148 790 enim

91 827 178 896 volui
200 828 264 896 hos
284 849 354 894 esse
374 823 558 896 Philaeuidis
577 829 833 896 commentarios
850 825 1072 920 spurcidicos,
1092 829 1150 895 So·

20 957 21 960 ¹
92 934 238 1019 udices,
265 936 533 1026 Lampsacenos,
559 932 872 1027 Cinmdipolitanos,
899 933 1151 1002 Rarniresiauos.

90 1038 158 1108 Illis
175 1041 288 1133 itaque
306 1039 531 1132 praetenuissis
549 1061 590 1106 ac
612 1042 811 1133 suppressis,
830 1061 868 1107 ea
890 1039 1032 1106 maxime
1050 1038 1152 1133 expli-

92 1169 165 1214 care
187 1159 287 1238 atque
305 1168 465 1213 exornare
490 1168 578 1213 curae
603 1146 744 1238 pretium
768 1145 865 1230 duxi,
886 1163 960 1238 quat
982 1142 1153 1231 sublimia,

91 1265 206 1332 acuta,
230 1248 350 1336 mellis,
376 1248 521 1344 leporis,
539 1252 760 1346 piperataeque
784 1248 963 1319 facundiae¹
984 1248 1097 1344 plena,
1118 1251 1153 1318 in

91 1356 209 1450 quibus
223 1355 378 1426 ferventis
390 1355 515 1424 hrlmen
528 1357 649 1451 ingenii
658 1370 692 1426 et
702 1355 792 1426 salva
807 1355 997 1424 dominatur
1009 1350 1152 1424 libertas.

92 1463 263 1556 Denique,
280 1486 322 1530 ne
343 1459 505 1556 proloquii
530 1461 714 1556 amplitudo
737 1463 905 1556 angustias
932 1459 1098 1554 regulares
1121 1477 1154 1532 et

92 1568 189 1660 ipsius
199 1567 316 1660 Myndi
333 1566 502 1636 modulum
517 1569 885 1661 excrescat5quoniam,
896 1581 933 1636 ut
946 1566 1003 1636 ait²
1018 1566 1153 1653 Plinius,

93 1674 273 1766 benignum
289 1687 339 1742 est
356 1687 390 1740 et
403 1671 538 1767 plenum
556 1674 690 1768 ingenui
708 1673 863 1766 pudoris,
879 1672 974 1742 fateri
992 1698 1052 1766 per
1069 1699 1152 1766 quos

94 1778 286 1872 profeceris,
308 1778 439 1848 obnoxii
462 1793 579 1848 contra
600 1779 701 1847 animi
728 1792 762 1848 ct
787 1777 925 1848 infelicis
946 1779 1068 1872 ingenii
1087 1794 1153 1867 est,

92 1883 292 1980 deprehendi
315 1887 349 1952 in
368 1879 456 1954 furto
476 1881 589 1970 malle,
611 1909 710 1980 quam
732 1899 883 1954 mutuum
907 1884 1058 1972 rcddere;
1077 1885 1153 1980 quia

94 1992 123 2058 in
137 2007 206 2060 mm
221 1995 341 2060 metati
358 1994 467 2086 operis
484 1993 654 2073 instituto,
671 1993 704 2059 in
722 2017 789 2086 quo
809 1992 980 2078 brevitati,
995 2006 1152 2086 quantam

94 2109 198 2166 tamen
226 2097 310 2166 ferat
339 2095 566 2167 elucidationis
590 2100 786 2185 necessitas,
808 2097 935 2184 studui,
961 2123 1028 2167 non
1055 2099 1153 2168 datur

93 2203 211 2297 ubique
229 2201 310 2271 illud
326 2203 494 2297 profiteri,
509 2204 565 2273 hic
583 2229 727 2298 agnosco
741 2229 793 2272 me
809 2219 958 2273 secutum
974 2203 1151 2274 editionem

93 2306 268 2378 Clarissimi
288 2311 358 2376 Viri
374 2311 461 2378 Petri
478 2311 648 2396 Scriverii;
667 2309 870 2380 consuluisse
884 2310 956 2378 MS.
975 2336 1080 2379 unum
1098 2336 1153 2379 ve·

93 2415 243 2485 nerandae
259 2416 460 2509 antiquitatis
474 2429 509 2484 et
524 2415 599 2484 fidei
614 2415 726 2502 bonae,
741 2417 774 2485 in
790 2415 989 2486 bibliotheca
1004 2416 1151 2486 Bodleia-

93 2545 147 2608 na,
168 2537 206 2590 ut
227 2535 262 2590 et
287 2520 368 2590 alios
390 2522 474 2590 duos
492 2525 584 2592 MSS.
607 2522 829 2609 Oxonienses3
852 2547 945 2592 usum
971 2523 1070 2592 fuisse
1090 2549 1153 2618 ope

92 2643 388 2696 commentatorum
409 2642 572 2723 quotquot
593 2643 723 2697 exstant
740 2629 905 2710 omnium,
926 2631 958 2696 in
978 2627 1150 2696 consilium

94 2733 277 2802 adhibuisse
292 2735 380 2802 Petri
394 2735 545 2802 Scriverii
561 2723 875 2824 animadversionesff,
890 2736 1025 2802 Gruteri
1043 2749 1153 2820 notas,

94 2841 207 2908 Facem
229 2841 371 2924 artium,
390 2854 422 2908 et
441 2831 582 2909 Criticos
602 2837 702 2927 alios,
723 2838 956 2934 anthologiam
978 2837 1153 2934 diligenter

94 2945 284 3028 contulisse,
303 2947 487 3016 Historicos
508 2949 643 3040 insuper
667 2971 781 3015 omnes
805 2961 838 3014 et
860 2962 1010 3015 auctores
1032 2949 1154 3016 Nostro

21 3051 22 3062 *
93 3053 272 3146 συγχρόνους
291 3049 459 3146 relegisse,
475 3079 558 3146 quos
575 3052 617 3120 ad
632 3055 765 3122 Poetam
782 3051 1028 3146 intelligendum
1045 3052 1153 3122 facere

91 3157 253 3248 judicavi,
276 3183 417 3250 quorum
444 3156 524 3228 alios
551 3159 842 3253 cito-quandoque
870 3173 984 3246 testes,
1005 3159 1047 3227 ad
1073 3159 1152 3227 alios

94 3261 247 3334 lectorem
269 3289 355 3357 saepe
378 3265 544 3334 brevitatis
567 3265 674 3334 studio
694 3265 828 3359 relego:
849 3289 955 3358 neque
976 3267 1021 3334 sic
1041 3279 1171 3333 tamen·

95 3370 171 3438 mihi
190 3369 299 3438 ubivis
316 3369 428 3442 fecisse
447 3373 542 3456 satis,
560 3396 665 3466 neque
686 3370 765 3439 aliis.
789 3373 841 3439 lta
867 3370 962 3466 plane
982 3370 1153 3466 deplorata

90 3474 175 3566 jacet
194 3500 269 3569 spes
291 3477 418 3570 gratiae,
440 3479 611 3545 autetiam
627 3479 730 3546 veniae
746 3477 833 3573 apud
851 3477 1027 3570 iniquiores
1046 3480 1152 3572 impe-

95 3580 225 3649 trandae.
245 3581 309 3650 Sed
334 3584 476 3676 gratuita
500 3609 602 3676 usque
627 3583 778 3651 fruantur
802 3581 934 3651 malitia.
954 3587 1027 3678 Ego
1047 3609 1153 3677 neque

96 3672 329 3765 ἀντιλακτίζωνᾶ
346 3689 442 3758 lsidls
460 3687 587 3782 bajulos
604 3689 725 3782 papate
737 3683 939 3768 λακτίζοντας
955 3689 1005 3757 καὶ
1021 3692 1071 3757 ἐπὶ
1085 3691 1153 3758 ὄνου

96 3793 167 3886 ἔργῳ
192 3783 493 3886 pequppouotueac,l
516 3819 622 3888 neque
649 3819 746 3862 crura
769 3793 970 3890 suffringens
998 3796 1153 3882 canibus,

136 3991 159 4025 ι.
188 3975 366 4045 Piperatoeqae,
395 3989 443 4028 eto.
472 3975 598 4029 Sidonius
686 3976 711 4026 3,
742 3969 928 4035 heremitas.
955 3975 1088 4030 Plutarch.
1120 3977 1152 4028 de

99 4051 180 4122 apoll.
196 4053 243 4106 lib.
256 4055 291 4116 V,
308 4054 383 4124 epist.
402 4059 426 4108 8.
644 4055 766 4118 Socrate,
781 4055 826 4107 lib.
839 4053 872 4108 «le
885 4055 994 4109 Educet.
1009 4057 1085 4109 l’uer.

22 4131 23 4140 ¹
137 4150 160 4183 ι.
180 4133 289 4194 Plinius,
310 4147 358 4186 etc.
384 4135 466 4205 Epist.
486 4133 518 4186 ad
537 4137 595 4187 Nat.
684 4143 709 4195 ά.
728 4137 849 4203 Μεγάλαι,
869 4149 919 4188 etc.
941 4137 1043 4189 Arriani
1063 4137 1149 4206 Epist.

101 4208 241 4264 Historiam.
642 4213 687 4264 lib.
704 4214 759 4277 ΙΙΙ,
774 4233 830 4283 cap.
852 4221 893 4275 td.
