2838 4918
280 418 395 464 xevm
461 394 814 464 nrssnurrrro
837 359 911 464 'nn
940 395 1173 470 ruonuro

280 527 400 621 quibus
425 525 521 596 decet
554 527 747 622 scriptorem
775 529 878 598 iratus
909 528 1039 616 vultus,
1069 533 1216 604 minaces
1242 536 1353 624 oculi,

280 648 376 702 torva
403 631 494 702 frons
523 646 558 702 et
586 633 619 700 in
644 655 744 700 manu
767 632 933 728 flagellum
958 637 1200 708 immisericors.
1224 644 1268 712 At
1289 647 1354 737 qui
1401 630 1405 638 ¹

278 740 516 833 epigrammata
533 735 635 824 ludit,
652 762 733 806 num
755 761 832 808 euru
853 763 988 812 necesse
1003 745 1145 814 Zenonis
1161 761 1221 816 aut
1239 748 1351 818 Cato-

278 847 331 915 nis
344 846 447 914 instar
459 843 705 914 dominantibus
717 843 786 937 jam
803 846 888 916 vitiis
902 846 1032 917 hostem
1048 873 1136 936 sese,
1150 848 1228 920 hui!
1241 878 1352 947 quan-

189 947 193 952 ’
278 949 385 1022 tulum
400 944 546 1021 hostem!
569 974 760 1046 opponere,
777 965 811 1020 et
831 975 870 1022 ea
887 953 921 1020 iu
943 953 1091 1024 naeniolis
1107 959 1350 1030 commendare

276 1082 350 1153 ques
372 1054 564 1126 Aristoteles
585 1057 619 1124 in
640 1056 784 1144 Ethicis,
805 1083 878 1152 quae
903 1059 938 1126 in
964 1059 1157 1131 Euchiridio
1182 1066 1349 1138 Arrianus

275 1161 448 1260 praecipit?
468 1165 541 1232 Hoc
564 1161 667 1232 habet
682 1163 790 1232 satirae
807 1165 1029 1259 epigramma,
1050 1191 1200 1262 pungere
1228 1185 1261 1240 et
1287 1197 1346 1242 ca-

275 1269 399 1358 villari3
417 1283 451 1338 at
475 1293 543 1338 nou
568 1292 710 1363 semper,
729 1293 837 1363 neque
859 1269 914 1340 illa
932 1272 1140 1365 potissimum
1160 1301 1233 1369 quae
1256 1279 1346 1346 invi-

198 1384 200 1393 '
274 1377 328 1446 dia
350 1375 454 1468 magis
476 1373 576 1470 digna
596 1389 690 1452 sunt,
713 1399 824 1468 neque
839 1378 973 1464 acriter,

430 1559 506 1615 Ense
522 1555 603 1614 velut
617 1554 732 1614 stricto.
745 1599 752 1612 .
765 1599 771 1610 .
784 1600 791 1612 .
810 1555 939 1618 Lucilius
952 1555 1073 1632 ardens,

432 1651 578 1722 Insremit3
592 1666 600 1690 ¹

271 1841 325 1910 illc
350 1839 528 1935 scalptorio
555 1837 654 1926 caelo,
677 1863 757 1925 acu,
781 1837 834 1906 vel
852 1841 880 1906 si
906 1840 985 1933 quid
1007 1863 1069 1911 ocu
1100 1842 1222 1930 levius,
1248 1871 1338 1940 pun-

270 1949 348 2016 etim
371 1946 455 2015 ferit
478 1947 571 2040 Saepe
592 1959 751 2040 praeterea
772 1944 1089 2039 Epigrammatarius
1111 1951 1249 2021 minime
1270 1979 1337 2022 eu-

268 2055 318 2148 pit
332 2050 451 2122 vulnus
466 2051 606 2139 inferre,
620 2066 654 2120 et
669 2049 892 2120 delectaturas
910 2051 1060 2122 innocuis
1071 2053 1158 2146 jocis
1176 2058 1336 2148 otiantes,

268 2161 362 2254 piper
378 2181 478 2228 omne
500 2171 533 2227 et
551 2157 597 2227 sal
616 2159 686 2252 ipse
704 2171 853 2245 amovet,
869 2159 978 2251 virgas
998 2158 1138 2254 frangit,
1158 2164 1335 2258 cuspidem

267 2265 413 2335 hebetat.
434 2261 522 2334 Talis
543 2287 630 2358 saepe
653 2263 793 2347 Noster3
813 2279 846 2333 at
866 2263 948 2334 iram
967 2288 1082 2334 rursus
1103 2271 1333 2363 concepisset,

265 2373 357 2467 quis,
375 2371 510 2456 amabo,
533 2368 661 2440 tulisset
683 2371 874 2466 gravissime
888 2393 965 2438 eum
983 2369 1122 2440 disticha
1144 2389 1203 2444 aut
1227 2389 1332 2447 tetra·

264 2479 390 2565 sticha,
413 2477 520 2547 ethica
543 2489 601 2545 a‘ut
617 2476 866 2571 methaphysica
887 2475 1075 2564 effundere,
1098 2494 1333 2573 atquecmen.

263 2584 390 2655 dandos
406 2585 495 2653 cives
510 2599 545 2653 et
556 2586 716 2653 Astraeam
738 2607 944 2654 reversuram
963 2584 1135 2653 somniare.
1154 2587 1331 2661 somniare

262 2716 325 2786 ego
339 2691 426 2777 dixi;
441 2693 503 2761 etsi
519 2691 652 2760 enimin
666 2689 805 2784 hocpro
820 2687 904 2758 virili
914 2703 1009 2783 parte
1020 2688 1274 2783 desudassenjn
1285 2697 1329 2765 ir·

260 2799 324 2866 rito
337 2799 445 2866 omnis
462 2796 557 2866 labor
571 2795 697 2866 effusus
711 2795 805 2865 foret.
818 2798 869 2866 Eo
883 2797 1039 2864 nimirum
1057 2795 1211 2885 licentiae,
1226 2825 1325 2894 spur·

260 2904 361 2989 eitiae,
383 2903 525 2972 infamiae
542 2901 721 2995 degeneres
744 2901 858 2996 populi
881 2899 1057 2995 aliquando
1078 2927 1139 2997 per
1157 2875 1370 2998 luxuriaQ

258 2997 454 3095 deveniunt,
467 3023 505 3076 ut
520 3032 587 3076 non
598 3008 666 3100 jam
686 3031 746 3102 per
766 3005 937 3078 intervalla
957 3031 997 3078 ac
1019 3010 1219 3102 spiramenta
1237 3025 1323 3084 tem·
1374 3007 1415 3106 Ἃ]

258 3141 376 3209 porum
394 3113 548 3209 pudenda
563 3112 712 3208 quiedam
723 3113 900 3207 adspicias,
917 3112 1097 3184 sedomnes
1109 3140 1169 3210 per
1185 3143 1320 3190 omnem

256 3223 358 3290 vitam
377 3224 411 3289 in
433 3220 525 3290 nefas
545 3245 644 3290 omne
659 3235 773 3308 ruant,
790 3221 883 3314 quasi
900 3219 942 3289 de
960 3223 1154 3290 meretriciae
1174 3225 1321 3296 scientiae

254 3332 390 3424 praemio
413 3327 549 3398 sceleste
566 3327 801 3421 disputaretur.
811 3328 895 3416 Quis
914 3340 1022 3396 autem
1035 3343 1145 3422 pater
1163 3329 1295 3400 urbium
1304 3387 1315 3419 ‚

252 3439 354 3506 immo
375 3437 485 3530 quise
507 3431 587 3503 caelo
608 3431 760 3527 delapsus
782 3435 892 3516 Deus,
909 3448 989 3502 tuno
1010 3435 1178 3529 cupidum
1194 3461 1319 3530 pruvoe

250 3543 418 3612 elementa
435 3537 641 3610 erasurus²?
653 3538 944 3627 Quemadmodum
959 3540 1109 3610 humano
1125 3541 1157 3609 in
1173 3567 1316 3637 corpore

251 3652 277 3719 si
298 3663 356 3718 aut
372 3671 575 3717 venenorum
596 3661 667 3716 ater
693 3647 829 3730 humor,
848 3660 905 3714 arrt
928 3669 1028 3739 quam
1047 3648 1231 3741 γαγγραίναν
1254 3675 1314 3718 νο-

250 3770 337 3838 cant,
355 3770 528 3849 postquam
551 3751 696 3849 singulos
714 3767 804 3822 artus
821 3750 980 3847 populata
998 3767 1067 3841 est,
1085 3751 1181 3822 altior
1193 3754 1262 3846 jam
1277 3759 1314 3825 in

292 3985 315 4018 1.
330 3965 372 4017 Sic
388 3964 442 4016 iere
453 3963 574 4015 Juvenal.
588 3961 641 4014 sn.
653 3963 679 4023 Ι,
694 3981 731 4013 vs.
749 3961 811 4014 165.

288 4065 313 4098 a.
324 4043 417 4098 Horat.
430 4042 476 4096 lib.
488 4043 544 4108 111,
554 4039 607 4094 od.
620 4059 691 4104 xxiv,
706 4043 750 4094 δι.
